2842 4920
149 386 213 451 m
357 420 360 425 -
492 379 553 440 ul:
587 374 866 440 PARTICVLA
888 370 934 441 dv

153 573 264 665 aptius
280 577 331 638 est
353 562 418 641 triv
439 591 542 661 quam
564 575 623 641 ἵνα
633 624 647 657 ,
680 577 730 638 ut.
783 567 856 637 Sed
878 561 928 639 ἵν’
946 564 992 638 ἄν
1005 589 1111 656 quum
1131 567 1173 636 sit
1196 567 1274 638 fere

152 676 246 745 idem
262 671 356 763 quod
374 665 462 762 e'oiu,
488 673 621 742 videtur
636 672 673 740 id
686 671 879 763 exquisitius
894 691 976 738 esse.
1016 671 1152 740 Eodem
1166 672 1274 740 modo

15 808 21 825 ⁶
153 802 216 848 nos
229 775 380 870 woseru.

257 879 428 948 invenitur
449 885 562 945 autem
584 861 663 959 ἵνα,
695 872 757 943 aba·
779 877 988 969 significans,
1014 883 1052 943 ut
1075 899 1139 968 par
1166 885 1218 944 est
1238 877 1274 944 iu

155 1009 194 1054 re
213 982 395 1078 praeterita
410 982 511 1049 etiam
528 971 605 1049 cum
622 979 775 1071 optativo
792 987 1020 1048 constructum
1043 979 1139 1071 apud
1166 978 1274 1049 Calli-

156 1087 315 1157 machum
328 1085 365 1159 h.
379 1085 476 1158 Dian.
497 1083 559 1158 Π.

488 1229 622 1318 πολλοῖς
637 1235 676 1310 δὲ
690 1227 811 1334 μάτην
827 1229 1054 1310 ἐτανύσσατο
1073 1239 1194 1332 χεῖρας

259 1342 385 1439 μέχρις
398 1347 458 1414 ἵνα
475 1334 659 1436 ψαύσειεν.

262 1494 381 1562 Altera
389 1495 588 1586 significatio
595 1493 694 1561 huius
702 1494 844 1561 voculae
859 1499 969 1575 estut,
996 1489 1057 1560 sed
1066 1491 1273 1560 eanonnihil

159 1595 320 1666 differens
334 1598 377 1665 ab
393 1595 447 1679 ω’ς.
498 1599 587 1665 Nam
608 1597 766 1688 proprius
789 1596 858 1663 eius
882 1595 1093 1683 maximeque
1113 1594 1273 1684 frequens

158 1724 238 1769 usus
253 1710 313 1787 est,
339 1722 444 1790 quum
458 1700 539 1790 quid
555 1701 663 1768 obiter
676 1709 710 1767 et
725 1699 872 1790 exempli
886 1722 1003 1766 caussa
1017 1697 1173 1766 affertur:
1200 1708 1274 1765 tum

159 1804 353 1894 simpliciter
375 1804 433 1869 fini
462 1803 668 1891 consilioque
693 1801 875 1869 indicando
897 1803 1048 1869 inservit:
1089 1801 1150 1868 sed
1179 1800 1274 1893 apud

160 1907 362 1995 antiquiores
382 1913 417 1972 et
430 1906 575 1973 melioris
589 1913 690 1973 notae
705 1905 884 1999 scriptores
899 1927 966 1972 non
980 1913 1162 1996 usurpatur
1176 1927 1274 1972 com-

159 2009 344 2100 parationis
358 2031 491 2095 caussa,
517 2009 586 2077 sive
603 2030 807 2101 praegresso
829 2004 943 2086 οὖτως
951 2062 965 2095 ,
993 2009 1062 2075 sive
1080 2031 1149 2075 non
1170 2030 1274 2099 prae-

160 2135 299 2205 gresso;
325 2119 362 2178 ut
376 2113 436 2195 sit,
461 2111 518 2180 ita
537 2120 595 2179 ot:
617 2110 712 2199 quod
726 2110 861 2176 labante
877 2108 1015 2175 demum
1030 2111 1114 2177 flore
1138 2111 1276 2202 linguae

161 2214 345 2283 admissum
370 2214 552 2297 invenitur,
585 2221 622 2279 ut
648 2212 742 2302 apud
765 2210 984 2279 Plutarchum
1008 2210 1275 2304 Apophthegm

161 2316 254 2407 Reg.
270 2339 305 2407 p.
322 2313 407 2387 179.
427 2315 469 2383 Β.
496 2315 647 2403 aliosque
663 2314 884 2394 recentiores:
911 2337 943 2383 r.
959 2314 1099 2382 Dorvill.
1118 2314 1162 2381 ad
1178 2314 1278 2384 cha-

161 2419 214 2489 rit.
230 2442 267 2510 p.
283 2412 370 2484 562.
391 2415 496 2508 (544.
512 2418 565 2487 ed.
580 2418 691 2510 Lips.)
719 2417 910 2486 Observant
925 2426 1037 2484 autem
1052 2420 1277 2508 grammatici,

163 2545 267 2612 quum
281 2530 321 2590 ut
342 2522 508 2614 significat
528 2528 608 2612 ἵνα,
634 2544 704 2590 non
721 2520 868 2590 construi
884 2543 905 2587 a
923 2520 1077 2610 probatis
1099 2521 1275 2611 scriptori-

15 2700 18 2713 ,
36 2648 39 2655 ’
162 2625 318 2694 boscum
332 2625 511 2693 indicativo
528 2626 647 2711 futuri,
675 2624 768 2715 quod
785 2646 893 2714 genus
910 2624 1163 2693 constructionis
1178 2619 1275 2697 πάνυ

164 2723 308 2818 ἀμαθὲς
321 2737 421 2795 vocat
435 2728 587 2795 Thomas
602 2726 654 2798 M.
692 2728 725 2795 Ν
727 2750 766 2795 ec
780 2727 936 2818 profecto
953 2726 1010 2815 qui
1027 2749 1103 2794 eam
1119 2736 1275 2795 constru-

25 2834 29 2839 ”
164 2829 309 2896 ctionem
319 2829 503 2898 defendere
516 2831 720 2912 conatisunt,
745 2837 783 2896 ut
795 2828 1002 2896 Abreschius
1016 2827 1156 2900 inMisc.
1171 2828 1274 2899 Obss.

163 2954 241 3000 nor.
263 2931 290 3000 Ι.
309 2931 342 3008 3,
359 2931 420 3005 14.
446 2933 627 3001 Dorvillius
642 2933 687 3000 ad
698 2931 800 3001 Char.
823 2956 860 3023 p.
872 2929 959 2999 46⁰.
974 2930 1077 3021 (480.
1090 2933 1144 3003 ed.
1158 2931 1274 3025 Lips.)

164 3034 283 3125 Toup.
304 3033 433 3127 Opusc.
452 3036 478 3102 Ι.
495 3060 532 3127 p.
547 3035 634 3105 438.
647 3036 690 3104 11.
704 3058 739 3127 p.
757 3030 843 3102 25⁸1.
896 3035 1069 3103 Emestius
1084 3036 1129 3103 ad
1143 3035 1273 3105 callim.

163 3134 199 3206 lt.
214 3136 293 3210 Cer.
310 3135 392 3211 138.
408 3139 592 3230 quidquam
607 3139 698 3207 aliud
710 3161 812 3229 quam
826 3147 884 3205 aut
894 3147 1068 3230 corruptos
1081 3148 1137 3205 aut
1152 3163 1275 3208 recen-

34 3269 44 3311 ·.
162 3241 288 3308 tiorum
311 3262 501 3331 parumque
521 3242 748 3334 probabilium
778 3241 977 3331 scriptorum
1005 3241 1099 3309 locos
1123 3243 1274 3313 attulere.

164 3343 286 3429 Neque
307 3344 341 3408 in
362 3366 497 3410 censum
516 3345 629 3412 retulit
646 3345 743 3411 istam
767 3343 1046 3412 constructionem
1064 3346 1208 3436 scriptor
1230 3346 1275 3414 de

165 3443 295 3533 syntaxi
318 3444 352 3510 in
375 3445 527 3514 Bekkeri
548 3447 679 3514 Anecd.
704 3470 741 3537 p.
766 3444 853 3518 149.
905 3447 1100 3515 Novissimis
1129 3446 1275 3538 denique

166 3546 374 3637 temporibus
391 3549 605 3617 observatum
617 3557 667 3618 est
681 3573 701 3615 a
714 3549 791 3617 viris
807 3548 927 3633 doctis,
953 3555 1013 3622 ἵνα
1030 3559 1070 3619 ut
1082 3551 1274 3643 significans

164 3649 223 3716 ubi
237 3671 315 3716 cum
331 3651 542 3721 coniunctivo
563 3661 790 3735 construatur,
817 3653 916 3720 etiam
932 3653 1132 3744 particulam
1147 3655 1192 3726 ἄν
1210 3655 1276 3723 ad-

166 3753 329 3843 spernari,
354 3762 392 3820 ut
409 3755 645 3823 aDoederlino
665 3755 700 3822 in
714 3759 789 3826 Act.
806 3754 902 3823 Mon.
917 3755 945 3829 l.
961 3781 999 3847 p.
1014 3754 1076 3829 3³1.
1093 3757 1137 3824 ab
1153 3757 1275 3826 Elms-

163 3854 230 3921 leio
239 3855 283 3920 ad
292 3852 380 3923 Oed.
390 3856 464 3926 Col.
477 3856 563 3932 189.
574 3860 721 3948 aliisque.
748 3859 933 3926 Potuerunt
946 3861 1046 3927 etiam
1058 3860 1286 3930 indicativum·

167 3963 202 4023 et
222 3957 408 4047 optativum
424 3963 561 4031 addere.
614 3963 693 4030 Non
706 3961 813 4053 magis
828 3962 916 4029 enim
936 3963 971 4030 in
989 3963 1041 4031 his
1055 3964 1150 4032 verbi
1165 3965 1275 4033 modis

164 4058 308 4126 adiectio
326 4064 511 4151 particulae
528 4065 573 4138 ἄν
595 4066 693 4133 certis
710 4076 744 4133 et
758 4087 826 4132 non
847 4065 957 4134 dubiis
975 4067 1137 4160 exemplis
1153 4068 1270 4137 defen-

165 4161 201 4229 di
211 4161 346 4254 poterit.

266 4264 353 4332 Illud
371 4288 449 4334 vero
467 4269 615 4337 omnium
631 4271 773 4338 maxime
788 4269 940 4338 mirabile
958 4279 1023 4358 est,
1049 4271 1144 4361 quod
1156 4295 1271 4364 gram-

165 4368 278 4437 matici
287 4369 387 4438 etiam
401 4367 643 4466 oircoloymdv
652 4373 834 4464 quemdam
844 4373 1068 4466 significatum
1080 4373 1179 4444 huius
1190 4399 1274 4469 par-
