2842 4920
420 376 940 440 ‚otssuurnuio
1192 383 1255 445 2¹21

152 569 212 637 lo.
241 578 279 636 ut
301 589 344 635 ex
365 565 446 634 Attii
467 567 672 635 Prometheo
695 570 809 658 posuit
831 589 920 655 quae
940 591 972 639 v.
1001 566 1059 635 14.
1086 569 1254 660 leguntur,

150 673 248 742 sicin
264 671 407 760 antiquis
423 671 525 738 Nonii
536 671 629 738 libris
648 673 791 763 scripta:
819 678 858 738 tu
873 670 944 738 mei
954 672 1256 766 oolanepenuutu

152 776 281 845 cauda
297 783 464 843 nostrum
484 774 620 843 adulat
642 774 867 866 sanguinem.
921 775 1036 842 Potuit
1051 786 1164 843 autem
1179 778 1254 845 No-

150 881 225 947 nius
249 901 291 946 eo
314 877 442 944 facilius
470 899 601 962 errare,
635 877 727 966 quod
754 900 833 944 saue
858 878 1098 945 Prometheum
1124 880 1256 971 scripsit
1279 910 1280 916 ¹

151 983 279 1053 Attius:
307 1003 349 1048 ex
367 970 436 1070 q'uo
453 981 515 1047 etsi
537 1000 620 1048 unus
646 989 774 1047 tantum
798 1004 913 1049 versus
934 971 1102 1049 interitum
1125 981 1256 1074 effugit,

150 1095 265 1153 tamen
284 1107 347 1151 nec
363 1083 406 1150 de
421 1083 556 1150 nominc
569 1083 704 1150 fabulae
722 1097 784 1151 nec
799 1083 842 1151 de
857 1084 1019 1175 scriptore
1037 1083 1256 1152 dubitandum

151 1189 302 1272 videtur,
335 1186 415 1276 quia
439 1185 597 1254 cumdem
624 1186 874 1255 illumversum
896 1210 963 1254 non
985 1189 1113 1256 Nonius
1135 1189 1255 1272 solum,

152 1290 329 1360 sedetiam
342 1289 530 1357 Priscianus
545 1289 627 1356 Attii
642 1290 847 1358 Prometheo
862 1290 1064 1361 adscribunt.
1099 1291 1188 1358 Eam
1201 1291 1256 1362 fa·

151 1395 267 1464 bulam
279 1401 383 1478 recte,
411 1401 450 1459 ut
463 1415 531 1484 ego
545 1391 683 1481 quidem
699 1394 851 1478 arbitror,
878 1393 1021 1461 Rathius
1039 1416 1080 1460 ex
1092 1394 1255 1485 Aeschyli

152 1497 358 1566 Prometheo
383 1495 504 1564 Vincto
527 1501 662 1563 versam
682 1519 755 1563 esse
783 1496 930 1563 coniecit.
984 1496 1073 1564 Nam
1097 1496 1255 1565 Solutum

151 1599 392 1670 Prometheum
408 1599 435 1666 si
449 1599 635 1690 scripsisset
650 1599 779 1682 Attius,
805 1599 919 1681 huius,
946 1620 1012 1665 non
1027 1599 1092 1666 suis
1105 1601 1255 1667 versibus

151 1727 271 1792 usurus
285 1713 356 1770 erat
371 1702 502 1770 Cicero.
556 1702 628 1770 Sed
646 1701 690 1768 de
709 1725 808 1769 versu
823 1702 881 1768 illo
901 1702 988 1769 infra
1002 1701 1141 1770 dicetur.
1195 1701 1256 1770 ci-

152 1829 233 1875 cero
251 1829 338 1896 quae
357 1805 475 1892 vertit,
503 1806 550 1872 sic
571 1803 696 1894 scripta
717 1804 816 1890 dedi,
842 1815 879 1872 ut
897 1828 1042 1894 eaquae
1059 1804 1255 1873 veruvide-

152 1919 267 1978 rentur
278 1931 451 2000 ponerem.
486 1908 579 1993 Quid
589 1907 745 1977 differant
754 1907 839 1989 libri,
861 1905 1032 1976 exOrellii
1048 1907 1255 1997 aliorumque

152 2012 240 2081 edd..
260 2012 421 2104 cognosci
441 2020 564 2103 potest.
600 2010 780 2079 Caeterum
798 2010 842 2077 de
855 2011 995 2079 Graecis
1011 2010 1108 2078 huius
1120 2011 1255 2079 fabulae

152 2117 348 2208 fragmentis
367 2116 498 2183 nullum
516 2122 575 2201 est,
596 2115 690 2204 quod
700 2113 745 2181 ad
761 2114 852 2182 hunc
872 2115 985 2181 locum
998 2115 1174 2204 pertineat,
1194 2114 1256 2182 nisi

152 2221 242 2287 forte
257 2219 301 2286 ad
319 2242 351 2292 v.
378 2218 439 2291 11.
461 2228 518 2286 aut
542 2216 603 2311 11.
626 2217 709 2286 illud
731 2217 825 2311 apud
846 2217 1077 2309 Hesychiumr
1103 2211 1255 2312 εἰςαφά-

128 2368 131 2374 ·
153 2349 288 2416 σματα.
312 2314 547 2413 εἰςπτήματα.
563 2315 638 2394 cino
651 2322 944 2414 τοῦεἰςαφιέναι·
965 2313 1255 2416 ἡσπαρᾶγματα.
1385 2410 1387 2418 Ι

152 2418 333 2513 Αἰσχύλος
357 2429 556 2519 Προμηθεῖ
574 2424 745 2515 λυομένῳ.
796 2422 1257 2490 Prometheumhaerentem

152 2527 267 2594 adhuc
279 2529 314 2593 in
327 2525 486 2609 vinculis,
522 2526 558 2592 in
573 2547 718 2613 eumque
735 2526 924 2615 intuentem
938 2524 1123 2592 Herculem
1136 2525 1255 2614 pinxe-

153 2639 206 2698 rat
221 2631 397 2698 Panaenus
421 2626 621 2719 Olympiae,
656 2637 741 2695 teste
763 2622 928 2695 Pausania
946 2627 987 2698 V.
1006 2624 1063 2711 ll,
1085 2625 1120 2695 2.
1142 2625 1257 2694 cnius-

152 2733 248 2800 modi
280 2736 446 2826 picturam
478 2732 723 2804 accuratissime
757 2731 933 2824 descripsit
962 2727 1112 2799 Achilles
1138 2729 1257 2799 Tatius

154 2987 158 2996 ·
255 2939 328 3006 Nisi
343 2937 531 3024 maximam,
558 2947 648 3004 certe
661 2938 880 3030 praecipuam
897 2943 1028 3026 partem
1041 2934 1194 3019 fabulae,
1219 2941 1258 3002 ut

154 3041 295 3131 videtur,
321 3042 349 3108 is
367 3041 512 3126 tenebat,
537 3063 601 3132 per
616 3046 717 3129 quem
729 3037 921 3106 liberandus
936 3046 1008 3104 erat
1021 3036 1255 3121 Prometheus,

154 3145 330 3212 Hercules.
385 3142 454 3227 Qui
470 3167 573 3234 quum
591 3145 709 3211 orbem
722 3152 885 3210 terrarum
897 3159 1083 3231 peragrans
1099 3138 1145 3206 ad
1162 3135 1255 3204 Can-

155 3271 272 3316 casum
291 3247 456 3334 venisset,
482 3247 597 3338 ibique
614 3248 691 3339 rupi
703 3246 847 3314 affixum
865 3243 1092 3337 conspexisset
1110 3241 1254 3310 Prome·

153 3349 289 3439 theum,
315 3351 512 3446 mirabatur,
537 3351 565 3418 si
583 3362 675 3418 recte
690 3350 898 3435 coniicimus,
918 3355 990 3416 tam
1005 3353 1102 3416 atrox
1120 3349 1304 3439 specta-2⁰

156 3455 285 3545 culum,
311 3450 413 3543 atque
437 3461 474 3520 ut
490 3455 570 3521 'erat'
587 3454 699 3544 iniqua
718 3455 825 3544 passis
842 3469 999 3544 praesens
1015 3450 1155 3536 auxilio,
1167 3515 1169 3522 ,
1182 3449 1255 3515 ani-

154 3579 336 3646 mosusque
356 3555 402 3627 ad
426 3555 550 3640 ardua,
576 3559 732 3625 occidere
753 3557 916 3646 aquilam,
946 3576 1034 3643 quae
1054 3552 1257 3621 iecursPro-

155 3660 281 3728 methei
303 3653 479 3744 exederet,
511 3650 691 3751 ipsu'mcjue
714 3682 756 3727 ex
777 3659 919 3726 vinculis
937 3658 1110 3724 exsolvere
1130 3653 1255 3722 consti·

154 3763 226 3856 tuit.
279 3762 464 3855 Eligitur,
496 3773 536 3830 ut
552 3762 779 3832 Oceanidibns
801 3764 835 3829 in
856 3761 1032 3852 superstite
1052 3757 1186 3841 fabula,
1213 3765 1247 3822 et

116 3915 119 3923 f
156 3888 289 3935 caussas
314 3875 427 3936 tantae
454 3888 587 3958 poenae
607 3850 805 3958 ¹exposuisse
833 3862 1072 3932 Prometheum
1096 3859 1256 3927 credibile

155 3979 222 4052 est,
249 3977 283 4036 et
305 3976 528 4055 memorasse,
554 3971 674 4059 quibus
696 3991 803 4060 genus
822 3967 1007 4034 humanum
1020 3963 1192 4058 beneficiis
1207 3963 1257 4030 al-

155 4070 301 4141 fecisset
351 4074 409 4141 Ex
420 4096 462 4141 eo
480 4072 866 4163 colloquio'deprompta
878 4068 1032 4136 videntur
1049 4067 1154 4136 verba
1168 4066 1256 4134 Pro-
1300 4152 1301 4155 Ἴ

154 4175 304 4261 methei,
339 4199 426 4265 quae
451 4177 598 4245 etsi'non
618 4176 813 4244 nominatim
836 4195 878 4242 ex
898 4172 1018 4240 Soluto
1040 4172 1140 4238 allata
1168 4176 1255 4249 sunt,

154 4287 269 4347 tamen
283 4280 363 4369 quin
381 4279 426 4347 ad
440 4279 529 4349 hanc
546 4279 757 4371 tragoediam
780 4277 968 4368 pertineant
987 4275 1045 4342 *vix
1062 4281 1175 4365 potest
1190 4270 1256 4338 du-

155 4381 262 4451 bitari.
314 4383 430 4450 Habet
449 4406 491 4450 ea
508 4383 707 4451 Plutarchus
729 4381 774 4449 de
786 4381 921 4450 fortuna
934 4401 971 4469 p.
988 4375 1049 4444 98.
1065 4375 1106 4445 G.
1131 4373 1196 4446 uuir
1215 4371 1254 4444 δὲ
