2842 4920
459 363 936 426 ulssnuunulo
1186 361 1248 424 281

152 565 267 660 ιλῆς’
246 588 372 656 ιτιρον
388 552 478 632 θυόν
495 561 698 652 παρακαλεῖ
710 557 886 649 μέλλων’
868 555 925 629 ani
940 549 1007 629 τόν
1028 553 1129 651 ὅρνιν
1146 557 1249 651 αἴρο-

151 679 241 743 σθαι
260 694 303 738 το
297 658 427 745 τόξον
435 717 448 750 ,
477 689 521 742 ως
536 654 717 750 Αἰσχύλος
736 656 864 756 φησίν,

250 827 453 932 Αχριυςὸ
466 824 657 905 Ἀπόλλων
673 824 792 927 ὀρθιίν
810 824 933 904 ἰθύνοι
949 834 1060 925 βέλος.

150 1008 207 1076 Sic
230 1002 512 1095 wyttenbachius
534 1025 576 1071 ex
593 1005 635 1072 Ε.
676 1005 789 1098 Vulgo
813 997 946 1080 ἰθύνει.
982 1004 1147 1094 Apollinis
1170 1003 1253 1072 illud

151 1131 343 1203 cognomen
355 1107 664 1198 tetigitBoeckhius
675 1108 808 1201 Explic.
825 1107 921 1177 Pind.
931 1106 1033 1197 Pyth.
1041 1108 1100 1174 lx.
1117 1133 1152 1199 p.
1167 1107 1252 1175 324.

151 1214 311 1302 Aquilam
329 1209 501 1301 quomodo
523 1222 674 1280 veterum
695 1213 873 1280 doctorum
895 1210 952 1299 qui
974 1234 1094 1303 sapere
1118 1211 1180 1279 sibi
1202 1212 1253 1278 vi-

152 1318 320 1385 debantur
339 1314 547 1405 interpretati
569 1316 708 1400 fuerint,
737 1315 899 1407 cognosci
919 1322 1033 1405 potest
1055 1337 1096 1381 ex
1121 1314 1253 1383 scholiis

152 1417 324 1512 Apollonii
339 1416 469 1485 Rhodii
487 1418 532 1485 ad
545 1418 586 1487 ll.
603 1417 714 1486 1248.
729 1428 763 1487 et
776 1417 930 1485 Eudocia
942 1441 979 1508 p.
999 1415 1085 1488 346.

255 1522 405 1590 Liberati
418 1521 485 1587 iam
499 1522 695 1589 Promethei
711 1522 814 1590 verba
826 1519 991 1587 habemus
1008 1520 1100 1611 apud
1116 1521 1253 1587 Plutar-

154 1626 257 1694 chum
270 1625 389 1716 inipso
404 1624 492 1691 vitae
509 1626 660 1718 Pompeii
674 1626 781 1693 initio·
795 1617 884 1719 σρός
898 1622 936 1694 δέ
953 1616 1150 1716 Πομπήϊον
1160 1626 1255 1696 έοιιιι
1303 1700 1305 1709 ,

153 1730 268 1802 τούτο
284 1723 456 1799 παθιῐιὸ
477 1725 670 1819 Ῥωμαίων
689 1729 800 1820 δῆμος
824 1719 933 1805 ιυθυς
954 1730 990 1806 ἐξ
1007 1720 1137 1820 α’ρχῆς,
1154 1723 1256 1853 ὅπερ

155 1859 175 1903 ο
167 1824 386 1919 Ἀἰσχύλου
407 1826 628 1927 Προμηθεύς
653 1857 743 1929 apoc
764 1856 832 1902 τον
844 1826 1031 1926 Ηρακλέα
1051 1826 1179 1910 σαθιίς
1192 1855 1239 1900 υιι

156 1931 275 2007 αὐτοῦ
287 1960 346 2004 ιιαι
340 1934 471 2026 λέγων
480 1986 494 2022 ,

260 2089 400 2184 ἐχθροῦ
412 2082 550 2184 πατρός
562 2115 630 2181 μοι
645 2090 758 2163 τοῦτο
775 2088 953 2185 φίλτατον
971 2089 1107 2162 τέκνου.

155 2244 196 2311 in
220 2265 289 2332 quo
306 2265 405 2309 versu
427 2241 599 2314 νούσοιο
621 2245 760 2312 librariis
780 2244 878 2311 metri
895 2241 1053 2334 explendi
1073 2263 1191 2309 caussa
1206 2240 1258 2307 in-

157 2355 283 2415 sertum
304 2355 400 2435 puto,
414 2345 500 2411 utin
515 2348 634 2414 comici
647 2349 768 2415 veteris
784 2347 944 2432 versibus,
962 2369 1046 2436 quos
1060 2343 1160 2411 affert
1173 2343 1259 2411 Dio-

157 2473 264 2544 genes
279 2449 433 2517 Laertius
447 2448 489 2514 ll.
511 2448 570 2516 18.
587 2450 630 2517 de
644 2451 764 2539 quihus
778 2451 843 2516 alio
858 2450 936 2515 loco
953 2448 1092 2515 dicetur.
1135 2446 1180 2513 Vt
1195 2447 1259 2512 alia

157 2564 309 2638 taceam,
334 2574 522 2642 pronomen
537 2550 625 2618 istud
639 2552 694 2620 vel
712 2561 854 2642 propter
877 2572 985 2641 genus
1004 2557 1174 2634 neutrum,
1201 2549 1261 2615 ubi

159 2680 238 2726 usus
251 2656 470 2723 masculinum
482 2655 637 2744 requirit,
662 2652 981 2746 reprehendendum
1001 2660 1061 2719 est.

262 2760 431 2826 Incertum
453 2768 521 2845 cst,
546 2760 711 2827 fuerintne
733 2782 820 2848 quac
836 2757 1066 2848 Apollodorus
1082 2754 1126 2821 ll.
1146 2750 1181 2840 5
1200 2751 1260 2825 ll

160 2859 197 2958 §.
222 2861 281 2932 12.
307 2863 411 2929 refert
426 2864 537 2928 omnia
558 2864 602 2929 ab
618 2863 792 2983 Aeschylo
811 2868 1088 2929 commemorata:
1115 2856 1175 2930 ααί
1193 2885 1263 2928 πε-

162 2965 364 3063 ραιωθείς’
348 2966 405 3038 cni
421 2958 488 3060 τήν
501 2963 651 3060 ἤπειρον
668 2993 735 3060 την
752 2957 915 3058 υἰντιιιρύ,
939 2956 1222 3043 ιιατιτόξεασεν’
1205 2958 1264 3032 cni
1356 2958 1362 2968 ⁸

162 3096 230 3140 του
217 3061 451 3140 Καυκάσου
476 3095 543 3139 τον
563 3067 739 3140 ἐσθίοντα
757 3094 801 3137 ao
823 3092 889 3137 του
915 3059 1188 3183 Προμηθέως
1164 3086 1263 3157 ησαρ

164 3165 290 3249 αἰετόν,
319 3167 409 3242 ὄντα
422 3166 666 3290 Εχίδνηςααι
653 3170 868 3293 Τυφρῖνος·
895 3158 1036 3238 ααίτον
1057 3164 1266 3293 Πρρμηθέα

165 3275 305 3345 διέλυσε
322 3265 455 3365 ὃισμόν
469 3267 638 3364 ἑλόμενος
651 3300 717 3344 τοι
730 3271 793 3369 τῆς
806 3270 939 3359 ἐλαίας,
961 3267 1022 3340 καὶ
1039 3269 1195 3363 παρέσχε
1213 3264 1266 3359 τῷ

166 3377 238 3448 Aci
259 3374 454 3472 Χείρωνα,
488 3370 728 3448 σίθύνατον”
706 3403 818 3462 οντα,
846 3367 1017 3470 θνήσκειν
1043 3366 1127 3445 οἰντ
1150 3365 1267 3442 αὐτοῦ

166 3480 336 3551 θέλοντα.
391 3478 496 3562 Quod
518 3479 575 3545 hic
596 3480 640 3546 dc
658 3478 806 3547 Chirone
830 3478 928 3563 dicit,
959 3477 1117 3567 ambigue
1137 3474 1268 3540 indica·

165 3591 237 3648 tum
251 3605 325 3650 esse
335 3582 580 3650 inPrometheo
595 3583 715 3660 Vincto
730 3607 761 3651 v.
777 3579 886 3652 1026
894 3602 995 3676 supra
1010 3579 1160 3646 diximus.
1188 3572 1260 3643 Sed
1268 3575 1318 3644 29

168 3684 212 3751 de
238 3708 380 3771 corona,
414 3708 518 3773 quam
542 3686 713 3787 signum
698 3710 771 3753 esse
794 3685 1002 3752 vinculorum
1024 3681 1106 3748 vidit
1130 3679 1268 3758 Galam,

167 3790 393 3857 testimonium
410 3797 517 3857 exstat
535 3788 702 3857 Athenaei
714 3788 789 3856 XV
806 3812 842 3879 p.
860 3786 946 3855 674
963 3786 1006 3857 D.
1033 3776 1268 3872 Αἰσχυλοςδ

169 3897 207 3965 ἰν
224 3921 275 3987 τῳ
262 3893 451 3984 λυομένῳ
468 3896 670 3987 Προμηθεῖ
683 3890 804 3987 σαφῶς
819 3890 926 3986 φησὶν
945 3885 1005 3959 ὅτι
1023 3883 1080 3959 cat
1094 3883 1185 3981 τιμῇ
1201 3909 1268 3956 του

170 3996 400 4122 Προμηθέως
416 4021 483 4067 τον
500 3995 680 4088 στέφανον
695 3991 933 4119 περιτίθιμυρ
949 4019 994 4086 τῃ
981 3984 1209 4084 κεφαλῇ,
1185 4015 1270 4058 αν-

170 4097 364 4170 υἰσοινα
390 4098 459 4169 τοῦ
479 4095 615 4169 έιιιίνου
643 4096 836 4188 δεσμου,
863 4092 986 4167 ναίτοι
1004 4097 1041 4166 έν
1056 4091 1103 4188 τῇ
1118 4095 1270 4186 ἰπιχρα-
1319 4152 1320 4155 ,

171 4202 312 4297 φαμένη
325 4200 463 4295 Σφιχχί
478 4194 587 4272 ιίιιύν
595 4255 609 4288 ,

274 4371 328 4470 τῷ
342 4372 380 4446 δέ
395 4372 479 4469 ξένῳ
501 4398 541 4466 χι
561 4371 758 4466 στέφανος,
784 4366 938 4467 α’ρχαίον
954 4367 1108 4463 στέφος,
