2842 4920
170 416 173 421 .
212 383 278 448 aa
339 374 392 438 or
412 366 748 436 mserrrrromrvs
773 364 1000 444 ovavsosrs
1021 364 1197 433 emeca.

213 568 373 665 psissem
398 558 616 656 ἐπιχείριον,
645 554 868 628 emendabat
892 555 1134 647 Nostana,
1161 565 1198 627 et
1221 557 1329 628 video

218 693 314 742 παπο
339 665 482 740 esseio
507 663 635 759 lapide
660 662 711 734 M
733 661 919 734 inversam
943 682 1016 757 pro
1041 661 1085 735 a
1100 660 1238 756 sorma
1264 684 1330 733 sa·

220 776 267 847 tis
296 773 449 845 usitata.

298 877 402 946 'Non
426 879 541 966 potest
571 869 713 939 dubium
737 890 828 957 esse,
866 867 950 958 quin
981 876 1076 936 recte
1099 867 1222 964 legerit
1247 869 1333 938 Nie-

219 979 379 1066 buarius,
404 985 477 1046 tam
502 972 583 1066 quis
607 974 711 1066 plane
735 971 909 1041 nonlicet
933 971 1030 1040 aliter
1054 971 1189 1065 legere,
1224 994 1332 1062 quam

219 1088 389 1156 inversum
414 1081 467 1154 M
484 1100 551 1172 pro
576 1076 620 1150 „e
645 1097 714 1145 noo
740 1075 851 1144 solam
882 1075 993 1143 formo
1025 1074 1069 1143 sit
1094 1075 1174 1144 sotis
1199 1077 1332 1162 asima,

221 1188 282 1258 sed
301 1209 343 1256 es
355 1184 465 1254 forma
490 1181 592 1250 etism
613 1179 685 1248 sols
710 1188 746 1247 et
766 1185 957 1247 constanter
976 1178 1011 1246 in
1029 1177 1097 1246 hec
1116 1179 1333 1272 inscriptione

220 1296 419 1385 usurpetur3
464 1294 538 1354 tam
574 1291 719 1377 propter
755 1282 964 1351 sententiam.
1024 1283 1077 1350 Ac
1109 1305 1179 1351 non
1210 1283 1334 1367 elucet,

221 1392 397 1487 quomodo
423 1382 624 1458 Welckerur
648 1383 686 1453 id
712 1407 781 1454 non
805 1385 919 1477 primo
945 1384 1058 1455 stetim
1089 1384 1256 1479 adspectu
1279 1388 1333 1456 in.

222 1496 396 1582 tellexerit,
422 1493 596 1582 multoque
621 1489 741 1574 minus,
767 1487 941 1580 quomodo
972 1489 1009 1557 in
1040 1487 1240 1585 ἑπιχείριαν
1265 1512 1334 1584 ρο-

222 1601 322 1670 tuerit
345 1595 504 1667 incidere.
556 1594 647 1662 Nam
671 1590 754 1682 qaid
780 1599 832 1660 est
860 1589 981 1682 ὄνομα
1007 1591 1231 1688 marcipor?

335 1701 372 1770 V.
393 1699 453 1772 lo.
469 1697 521 1787 (3.
534 1694 587 1785 4.)
604 1694 696 1765 Siae
713 1694 968 1765 controversia
981 1695 1179 1788 legendam
1196 1698 1281 1769 EN
1285 1699 1312 1769 I
1315 1736 1334 1749 -

224 1801 475 1882 ΚΟΠΡΙΑ
485 1804 542 1890 N,
576 1799 646 1870 etsi
671 1797 823 1892 syllaba
853 1800 899 1873 Κ
904 1802 937 1872 O
963 1797 1153 1892 singulari
1185 1798 1334 1868 littera-

225 1931 308 1980 ram
333 1927 430 1976 aeaa
449 1901 727 1997 compendiario
745 1922 924 1995 expressa
940 1909 1007 1976 est.
1045 1901 1213 1976 ΓΕΛΕ
1225 1903 1305 1978 ΤΛ
1314 1907 1340 1977 Ι

224 2021 325 2082 mato
351 2009 388 2078 ia
410 2010 488 2081 ΓΕ
495 2008 575 2081 ΝΕ
587 2009 666 2084 'I'A
671 2009 704 2080 Ι.
739 2003 981 2100 Scripseram
1000 2003 1094 2102 pmii
1112 2005 1336 2102 sarromalus,

78 2130 83 2141 “
196 2106 405 2186 'ancillam
433 2109 628 2180 corsis'cieris
654 2131 790 2180 momen
818 2108 1103 2178 Macedoniam
1136 2106 1337 2204 ambiguae

227 2227 294 2289 aat
326 2215 453 2284 malae
483 2222 595 2282 extra
627 2211 733 2280 iilam
760 2220 905 2281 terram
936 2208 1226 2308 significationis
1259 2213 1336 2283 iea-

226 2319 361 2408 baisse‚
390 2315 489 2409 qaod
508 2321 618 2408 petat
639 2337 685 2384 ae
711 2314 792 2407 qais
817 2314 1020 2409 malignius
1034 2334 1209 2408 premere
1229 2317 1338 2402 vetit,-

225 2446 341 2517 aeque
366 2418 460 2490 arim
487 2418 654 2489 dominos
680 2418 735 2487 ad
764 2416 914 2488 verbam
939 2419 981 2488 id
1009 2417 1150 2512 cepisse
1173 2418 1231 2490 vel
1257 2421 1337 2495 ἑνι-

227 2524 382 2621 ποπρίαν
407 2522 529 2616 ipsam
555 2521 775 2616 appellasse.

329 2630 574 2715 Praeterquam
598 2623 693 2716 qood
721 2624 914 2693 huiusmodi
939 2647 1064 2694 nomen
1090 2648 1159 2694 non
1183 2621 1337 2699 ’Ereso-

228 2732 333 2830 πρία,
358 2729 422 2799 sed
446 2725 647 2823 Ἐγναπρία
672 2727 798 2815 fuisset,
824 2735 921 2820 patet
940 2727 1161 2797 Weickcrum
1177 2730 1338 2826 μεμφθῇ

227 2835 317 2934 μηδὲ
343 2833 484 2925 legisse,
524 2829 618 2920 quod
643 2827 736 2898 idem
759 2840 846 2899 esset
871 2853 912 2899 ao
936 2831 1027 2929 μηδὲ
1043 2831 1233 2928 ·μεμφθῇ,·
1269 2854 1338 2926 pu-

228 2949 404 3026 tamque,
446 2933 542 3024 qaod
567 2933 702 3003 Graece
727 2931 909 3004 dicendum
940 2941 1014 3003 oret
1044 2934 1135 3032 μηδὲ
1161 2935 1337 3032 μιμφθῇ,

230 3038 361 3117 οὕνεκα
386 3034 610 3132 Ἐγνοπρίαν
636 3062 685 3130 μα
718 3030 914 3130 ὠνόμασαν
940 3035 1106 3129 γενέται,
1143 3036 1211 3106 hae
1235 3061 1338 3132 posse

230 3141 481 3216 constructione
511 3139 709 3232 significari:
735 3137 879 3232 οὔνομα
904 3139 973 3231 μὲν
998 3135 1150 3229 orirsra,
1175 3142 1338 3240 μεμφθῇ

229 3250 333 3347 μηδέ,
359 3242 598 3338 Ἑνινοπρίαν
626 3269 675 3335 ps
698 3236 895 3334 ὠνόμασαν
914 3243 1069 3335 ysrs'raa
1104 3243 1218 3329 Quam
1239 3267 1337 3314 oom-

229 3351 432 3445 positionem
457 3346 639 3414 verborum
670 3365 750 3413 nam
777 3345 954 3436 quisquam
981 3367 1048 3439 pro
1075 3344 1212 3416 Graeca
1226 3347 1337 3418 -hobi-

228 3462 322 3522 toros
349 3457 453 3535 esset,
483 3448 602 3517 merito
628 3449 816 3538 quaesitam
841 3457 1049 3543 opormerst.

335 3551 473 3650 Qaibas
507 3573 604 3621 aare
632 3550 832 3646 praefero,
872 3552 970 3645 qaod
998 3549 1200 3622 Mebaario
1228 3553 1338 3625 debe-

231 3671 304 3744 tur,
336 3653 489 3727 memori
514 3654 715 3749 praeconis
741 3656 918 3753 Καπρέας.
962 3653 1089 3748 Neqae
1114 3657 1339 3730 alienasset

236 3765 500 3856 Goproreymas.
538 3757 645 3827 'Fuit
681 3766 716 3830 et
745 3780 878 3852 pagus
905 3758 1061 3828 'Atticas
1092 3753 1245 3856 Κόπρας
1278 3761 1339 3833 ἀν’-

232 3875 323 3937 ctas.
347 3887 381 3935 o.
416 3863 524 3956 corp.
555 3860 678 3936 Iascr.
708 3860 745 3930 Τ.
773 3860 863 3956 Lp.
891 3860 978 3936 216.
1017 3862 1100 3932 Pro
1122 3866 1253 3961 μηδέη
1281 3886 1339 3936 ae-

123 3987 125 3992 ·
231 3969 356 4038 aerior
381 3966 482 4040 ratio
503 3966 672 4060 postulat
699 3960 829 4039 οὐδένα.
883 3963 964 4036 Sea
989 3965 1177 4036 interda'm
1202 3962 1259 4066 μή
1283 3970 1340 4040 in·

230 4069 364 4155 veniri,
404 4067 466 4136 abi
497 4068 687 4139 melioram
713 4068 939 4163 scriptoram
964 4091 1052 4140 asses
1079 4067 1125 4144 ον’
1155 4073 1340 4166 requirat,

232 4181 352 4244 morrei
383 4169 622 4242 Hermamias
647 4173 702 4242 ad
726 4171 860 4266 Eurip'
883 4172 1012 4267 Sappl.
1042 4171 1153 4243 113⁰.
1231 4186 1235 4195 “

334 4276 444 4344 Recte
470 4275 670 4345 Welckeras
696 4277 873 4346 Niebuhrii
905 4278 1035 4346 monitu
1061 4275 1173 4364 dedit,
1209 4275 1339 4372 οὕνεκα

231 4382 389 4475 pippis
422 4378 514 4474 μηδὲ
550 4378 623 4469 ἑνὶ,
666 4379 839 4477 Κοπρίαν
871 4378 915 4474 μ’
949 4373 1146 4474 ὠνόμασαν
1178 4381 1339 4475 perimat
