2842 4920
148 353 213 418 rao
296 412 298 417 ,
420 314 924 412 ἰιιειιειιιιιιι
1028 295 1036 311 ’

70 622 71 626 ¹
152 560 220 632 que
239 544 278 608 ut
300 530 346 610 roi
368 535 468 625 illud,
494 560 563 629 quo
584 536 688 607 hodie
711 547 849 607 utuntur
869 535 1012 625 Graeci,
1037 535 1141 607 veluti
1161 537 1269 630 pestis

154 641 322 735 quaedam
339 641 527 711 universam
540 642 676 734 linguae
690 644 855 710 rationem
868 649 1110 731 corrumperet

257 744 329 813 seu
349 747 516 813 mittamus
531 744 615 828 hoo,
638 746 732 834 quod
757 755 936 834 corruptae
959 743 1113 812 dictionis
1137 755 1207 830 est,
1235 755 1272 814 et

155 871 296 941 agamus
318 849 385 915 iam
408 848 463 935 id,
496 849 591 939 quod
613 849 669 916 hic
689 850 784 919 locus
809 848 872 915 sibi
893 848 1057 937 postulat,
1087 855 1125 914 ut
1153 859 1267 916 osteu-

54 956 56 961 ’
156 953 292 1037 damus,
320 975 379 1019 cur
400 973 467 1019 uou
487 951 617 1018 dicatur
631 947 680 1022 ἵν’
704 949 767 1040 ἄν,
783 950 852 1019 ιιίιί
871 960 912 1020 ut
929 949 1185 1042 significandum
1209 961 1270 1023 est.

155 1056 270 1123 Posita
288 1063 339 1123 est
360 1054 458 1122 huius
479 1056 528 1122 rei
542 1056 627 1122 ratio
650 1054 685 1121 iu
702 1077 761 1141 eo,
789 1054 883 1142 quod
905 1047 964 1125 ἵνα
984 1055 1126 1145 proprie
1144 1053 1206 1122 ubi
1220 1056 1269 1123 si-

157 1158 306 1252 gnificat.
359 1157 399 1224 ld
415 1158 502 1257 euim
523 1158 601 1246 quia
617 1166 733 1225 uatura
754 1179 813 1224 sua
833 1157 1007 1224 definitum
1027 1164 1093 1242 est,
1122 1165 1156 1225 et
1175 1159 1219 1226 ad
1232 1157 1272 1226 id

157 1262 294 1353 ipsum,
321 1261 365 1328 de
387 1283 455 1350 quo
471 1284 580 1329 sermo
597 1270 663 1347 est,
689 1261 851 1347 refmtm,
878 1261 985 1327 arceri
1001 1260 1149 1352 postulat
1164 1263 1268 1352 parti-

159 1365 269 1432 culam
286 1361 351 1452 ἄν,
377 1371 414 1430 ut
429 1388 516 1452 quae
531 1388 604 1433 rem
621 1385 696 1431 eam
713 1365 872 1431 incertam
890 1372 924 1431 ct
944 1362 1082 1430 dubiam
1096 1363 1271 1432 redditura

159 1475 256 1539 esset.
309 1466 478 1558 Exemplo
492 1467 527 1534 rd
542 1469 680 1560 planum
699 1469 769 1536 fiet.
822 1462 942 1561 Arrio
964 1461 1090 1538 ἔλθ’“
1071 1495 1130 1538 ινα
1148 1461 1269 1564 uicina,

159 1570 187 1639 si
200 1570 340 1662 proprie
351 1571 628 1663 interpretamur,
656 1579 706 1639 est
717 1570 788 1639 huo
804 1569 900 1657 veui,
920 1567 981 1637 ubi
997 1567 1189 1639 uerberari
1206 1573 1273 1640 de

159 1670 263 1761 baua,
291 1697 358 1740 uou
377 1698 444 1763 quo
464 1675 549 1743 illud
568 1674 630 1744 ubi
650 1675 696 1742 ad
716 1675 788 1744 huo
801 1676 980 1760 referatur,
1006 1673 1067 1741 εει]
1084 1675 1163 1762 quia
1188 1697 1270 1764 spc—
1294 1740 1298 1744 .

159 1785 229 1844 ctat
248 1775 291 1843 ad
311 1786 418 1844 totum
434 1778 516 1845 illud
536 1779 606 1847 huc
623 1779 760 1861 venii.
783 1779 863 1846 e.iu
883 1801 951 1866 qua
971 1800 1026 1863 re,
1052 1779 1085 1844 iu
1105 1778 1271 1845 veniendo

157 1877 237 1948 huc.
290 1873 672 1972 Sicururoir‘a’coiriu'
690 1874 953 1976 uiiocuairix’,
983 1876 1030 1952 ἵν
1048 1874 1158 1960 ανίὀς
1178 1907 1271 2001 χρα-

160 1973 225 2053 cciv
246 1984 284 2053 ἐν
304 1970 465 2074 δόμοις
445 2011 527 2103 ‘23²3
553 1984 588 2051 iu
609 2006 701 2051 mare
718 1985 883 2074 proiecit,
910 1982 1022 2068 ubi,
1014 2007 1035 2056 ι.
1053 2006 1081 2051 e.
1107 1984 1140 2050 iu
1163 1985 1271 2074 proii-

162 2082 284 2150 ciendo
313 2107 476 2174 corpore,
502 2087 580 2177 ipae
602 2095 722 2154 servet
747 2109 899 2169 aurum,
927 2085 1021 2174 quod
1039 2086 1146 2176 possis
1170 2087 1273 2154 etiam

46 2276 48 2281 .
160 2184 327 2253 dicerem
343 2209 417 2277 qua
434 2208 486 2270 re,
512 2189 568 2257 vel
582 2210 656 2308 qua
670 2209 720 2259 re.
752 2187 860 2255 Eam
858 2211 932 2254 rem
944 2196 1057 2255 autem
1068 2197 1163 2277 patet
1179 2213 1273 2256 sem·

158 2309 223 2379 per
252 2297 379 2407 certam
401 2311 490 2357 esse:
518 2299 568 2359 ost
588 2291 675 2410 euim
694 2290 807 2357 illud
798 2313 930 2384 1psum‚
964 2313 1032 2380 quo
1056 2312 1174 2357 caussa
1199 2293 1273 2360 eius

148 2503 249 2568 ,esset
265 2493 327 2560 ul
315 2517 352 2562 ru
368 2517 413 2563 eu
433 2519 491 2585 rc,
519 2496 551 2565 ai
566 2520 611 2566 ea
629 2497 740 2587 iure,
767 2497 887 2565 sicut
874 2495 912 2576 ὀς
932 2495 978 2567 ἄν
1000 2502 1050 2562 est
1072 2495 1150 2587 qui
1177 2497 1210 2566 εἱ
1229 2499 1273 2583 ia,

161 2596 255 2686 quod
269 2607 319 2664 cst
335 2598 548 2690 quicumque
562 2602 616 2669 vel
634 2600 804 2692 quiaquia.
841 2599 986 2687 Atqui
961 2622 1007 2666 src
1022 2598 1114 2687 quod
1129 2621 1193 2689 per
1207 2601 1272 2668 ali-

160 2721 263 2788 quam
279 2723 352 2766 rem
368 2702 457 2768 effici
479 2702 662 2786 diceretur,
688 2703 785 2770 simul
809 2725 878 2769 uon
898 2724 962 2793 per
982 2700 1070 2767 hauc
1092 2725 1183 2785 rem,
1210 2703 1272 2771 sed

159 2823 226 2893 per
239 2804 389 2890 quamvis
405 2804 503 2870 aliam
519 2806 762 2898 significaretur
776 2805 883 2893 effici,
911 2827 1021 2894 coque
1037 2805 1163 2895 periret
1177 2805 1270 2898 illud,

160 2904 340 2994 quoderat
361 2906 552 2988 dicendum,
580 2932 653 3000 quu
668 2932 727 2995 re,
753 2910 773 2976 i.
792 2931 821 2976 e.
834 2916 892 2993 ut,
918 2908 992 2993 vel,
1009 2916 1047 2973 ut
1061 2931 1199 2999 prorsus
1224 2910 1270 2977 si-

160 3008 230 3076 mili
253 3007 419 3076 vocabulo
442 3011 602 3099 reddam,
637 3035 715 3104 quo.
767 3010 807 3078 ld
831 3011 885 3079 vel
908 3011 1051 3078 maxime
1072 3014 1217 3079 cernitur
1238 3013 1271 3080 iu

161 3112 200 3180 iis
231 3135 319 3236 quac
352 3114 461 3181 obiter
483 3115 690 3183 adiiciuntur
730 3113 890 3205 Xenoph.
914 3114 1033 3205 Symp.
1063 3112 1104 3201 2,
1135 3113 1195 3182 26.
1227 3114 1271 3209 ἢν

162 3213 247 3286 δὲ
226 3220 312 3309 ημῖν
336 3221 372 3286 οἱ
401 3221 525 3295 παῖδες
550 3224 695 3309 μικραῖς
722 3210 834 3297 κύλιξι
856 3209 972 3288 πυκνοῖ
993 3211 1270 3310 εἰιιψενιῖζωσιν,

163 3323 222 3386 ἵνα
238 3343 295 3386 ιιαι
317 3311 384 3406 ἐγω
403 3321 440 3389 εἴν
460 3322 498 3390 1
496 3318 649 3413 οργειόις
671 3312 829 3414 ῥήμασιν
848 3319 954 3401 aiau,
982 3316 1094 3400 οὕτως
1112 3316 1155 3391 ou'
1180 3328 1270 3413 βια-

155 3416 309 3508 ζόμενοι
340 3445 410 3488 uuo
439 3420 506 3490 τοῦ
530 3423 631 3490 οἴνου
656 3415 834 3512 μεθύειν,
874 3417 955 3491 ἄλλ
980 3417 1272 3515 αναιιειθόμενοι

162 3544 251 3637 πμος
265 3546 308 3588 το
302 3512 648 3617 παιγνιωδέστερον
661 3517 883 3615 ἀφιξόμεθα
935 3525 962 3597 Ι.
981 3548 1011 3591 e.
1002 3527 1167 3616 ‚proprie
1183 3549 1273 3594 uam

163 3622 196 3689 ai
204 3644 311 3713 pueri
305 3620 431 3690 uobis
444 3625 575 3716 μανυίε
598 3623 775 3694 culicibus
797 3648 929 3718 caepe,
957 3625 1018 3696 ubi
1039 3650 1110 3720 ego
1134 3652 1274 3721 quoque

166 3724 564 3817 Gorgeavocediuero‚
579 3728 751 3797 irrorent.
779 3731 933 3820 Apparet
944 3729 1090 3799 hocfere
1098 3732 1189 3800 rdem
1198 3755 1273 3801 esse

163 3837 264 3916 atque
285 3825 362 3913 ubi,
382 3831 442 3900 i.'e.
458 3831 491 3899 ai
506 3831 595 3923 quiue·
611 3832 757 3901 licuerit
776 3831 933 3924 Gorgeu
948 3856 1035 3902 voce
1052 3835 1114 3903 uti.
1148 3837 1273 3927 Longe

163 3929 261 3995 aliam
282 3953 364 3998 vero
384 3935 624 4022 panicularum
645 3932 689 4014 ὦς
710 3944 744 4004 et
764 3932 859 4016 ὅιιας
878 3938 1043 4004 rationem
1068 3962 1142 4007 esse
1166 3947 1271 4030 patet.

104 4100 107 4105 ,
162 4031 239 4098 Hac
260 4033 348 4099 enim
369 4047 486 4105 natura
508 4062 567 4106 sua
584 4038 629 4106 ad
648 4037 703 4123 id,
730 4038 824 4128 quod
849 4049 964 4128 potest
988 4041 1087 4109 ctiam
1106 4043 1274 4110 incertum

163 4157 254 4217 esse,
281 4135 490 4227 referuntur,
526 4141 672 4230 ideoque
698 4140 876 4208 admittunt
899 4143 1145 4234 particulam”
1120 4171 1175 4217 αν
1228 4145 1275 4214 Vt

162 4233 258 4316 ὅπως
275 4234 320 4310 ἄν
344 4240 457 4333 εἰδῇς,
486 4244 577 4331 quod
594 4253 644 4312 est
658 4243 726 4312 tali
742 4245 902 4334 quodam
917 4249 1032 4316 modo
1044 4270 1113 4340 quo
1132 4271 1273 4343 coguo-

162 4362 249 4409 εεαε
267 4341 320 4410 vei
338 4364 482 4435 quoquo
488 4346 604 4455 modp
622 4368 835 4440 cognoscas
