2842 4920
343 364 637 428 lucneulultlvtt
659 365 772 428 LIBER
794 365 943 431 PlilllVS.
986 438 990 450 ¹
1132 371 1198 438 84⁹

89 560 234 628 destiam
257 564 292 624 et
311 554 534 624 temeritatem
564 555 740 644 admonui,
777 564 939 646 tanmque
963 556 1119 648 impletus
1145 571 1196 628 est

89 672 202 748 metu,
228 659 373 728 maxime
397 658 491 749 quod
516 660 551 726 in
572 658 739 726 Beckium
761 659 1023 752 intemperanter
1044 661 1195 732 invectus

90 774 196 851 esset,
223 772 261 833 ut
278 786 314 832 se
329 762 529 854 Gottingam
550 762 702 830 conferre
721 764 900 832 consultius
921 762 1070 835 duceret.
1122 765 1195 834 Sed

89 869 257 953 Beckius,
282 875 320 934 ut
341 874 414 933 erat
431 887 595 954 aequum,
628 867 699 933 risit
725 866 893 936 feroculos
910 866 1056 959 impetus
1068 852 1246 939 'adole-10

91 973 232 1042 scentis:
258 969 482 1053 Schaeferus,
509 969 647 1037 sauciari
671 992 707 1036 se
721 991 788 1037 non
802 969 1020 1062 dedignatur,
1047 993 1195 1061 aequum

90 1074 267 1157 iudicavit,
296 1080 389 1141 certo
409 1073 513 1156 scire,
546 1096 567 1139 a
586 1095 641 1139 me
661 1095 806 1164 procusa
827 1097 900 1142 esse
923 1075 1007 1159 tela,
1034 1097 1121 1163 quae
1139 1098 1195 1144 me

90 1179 196 1247 inscio
213 1185 247 1244 et
265 1175 356 1243 facta
378 1184 413 1242 et
427 1175 461 1242 in
476 1175 590 1267 ipsum
610 1175 760 1244 coniecta
776 1186 869 1259 sunt3
895 1178 953 1245 ubi
971 1187 1084 1245 autem
1104 1177 1195 1246 facta

92 1281 313 1369 coniectaque
330 1278 497 1370 comperi,
519 1300 670 1346 severam
687 1279 784 1347 fabro
801 1303 862 1349 suo
885 1303 906 1347 a
926 1303 982 1348 me
999 1281 1195 1373 castigatio·

91 1409 168 1454 nem
185 1405 365 1475 peperere.
850 1412 853 1416 ·

193 1488 348 1557 Altemm
364 1483 434 1553 ficti
453 1483 596 1554 criminis
612 1488 805 1578 exemplum
822 1478 934 1580 ¹magis
949 1486 1195 1557 accommoda-

91 1600 161 1659 tam
180 1591 255 1658 vitis
273 1588 407 1673 vestris,
434 1588 551 1679 optimi
566 1587 732 1682 Magistri,
760 1590 892 1659 dicendi
905 1591 1078 1659 materiam
1092 1614 1195 1683 prae-

91 1694 202 1779 bebit,
228 1694 309 1782 quia
330 1690 457 1782 aliquid
481 1691 599 1759 saltem
620 1693 743 1779 habet,
778 1694 873 1783 quod
892 1694 1043 1762 homines
1060 1694 1196 1763 litterati

91 1821 158 1866 non
181 1797 252 1865 sine
262 1797 337 1864 ullo
357 1793 402 1862 ad
424 1793 534 1862 studia
554 1817 615 1864 sua
632 1797 743 1864 fructu
764 1796 889 1888 legant.
941 1798 981 1864 ln
1004 1796 1196 1865 adnotatio·

90 1901 188 1992 nibus
207 1899 252 1967 ad
273 1895 492 1967 Plutarchum
512 1899 579 1966 vol.
600 1898 640 1971 V.
662 1924 697 1991 p.
722 1897 807 1967 2⁰5.
830 1900 917 1969 haec
934 1900 1082 1992 scripsit:
1110 1899 1194 1969 Me-

89 2004 267 2073 tetemata
290 2003 359 2070 illa
390 2008 510 2071 tenent
535 2024 630 2093 quae
651 2002 853 2096 pervellem
875 1994 1105 2072 aut'omisso
1128 2011 1195 2073 aut

92 2108 204 2177 aliter
218 2106 372 2199 scripta.
423 2103 578 2172 Interim
591 2105 816 2200 prqfiaeruot
832 2106 938 2176 haud
946 2092 1084 2199 paucis
1102 2106 1194 2176 tiro·

90 2233 196 2279 oum:
225 2218 265 2278 ut
286 2206 481 2300 scripsisse
497 2230 555 2277 me
570 2232 641 2279 oon
649 2211 849 2303 poeniteat.
887 2208 970 2280 Sed
993 2209 1089 2280 bunc
1105 2231 1194 2303 quu-

92 2336 162 2406 que
176 2310 337 2382 libellum
349 2320 385 2381 et
401 2311 504 2397 olim,
533 2335 615 2381 cum
623 2315 788 2406 primum
800 2314 1006 2406 prodiisset
1027 2314 1063 2382 in
1079 2314 1196 2383 lucem

91 2416 362 2507 (Thierscbium
390 2423 507 2484 testor
526 2413 614 2484 bene
635 2439 800 2508 gnarum
821 2417 921 2486 illius
938 2416 1195 2508 tempestatis),

92 2530 128 2590 et
152 2542 286 2612 nuper>
303 2521 529 2590 adroserunt
552 2519 679 2587 dentes
706 2517 867 2610 maligni
896 2516 1197 2590 obtrectatorum.

91 2625 171 2693 Non
191 2623 273 2691 fecit
301 2623 407 2709 bene,
441 2620 536 2710 quod
561 2619 800 2688 Thierschium
826 2629 877 2690 est
895 2617 1044 2692 testatus.
1105 2623 1196 2690 Nam

92 2748 203 2817 neque
221 2725 278 2794 hic
292 2725 360 2808 vir,
389 2724 447 2815 qui
459 2724 490 2791 ei
502 2720 682 2817 responsor
699 2724 733 2791 in
748 2723 885 2816 publica
898 2722 1094 2794 defensione
1113 2722 1195 2793 Me-·

92 2831 286 2899 letematum
300 2835 390 2912 erat,
415 2828 538 2895 falsum
552 2829 735 2913 testabitur,
761 2828 890 2917 (animo
906 2828 994 2896 enirn
1009 2851 1082 2896 esse
1097 2827 1196 2921 liber·

34 2951 37 2954 ’
93 2934 196 3020 rimo,
221 2954 333 3022 neque
356 2937 414 2998 aut
430 2938 522 2998 metu
539 2939 597 2998 ant
612 2932 722 3024 gratia
741 2932 836 3022 capi,
863 2931 936 3021 quis
951 2931 1106 3022 nescibi)
1132 2934 1197 3000 ne·

93 3058 161 3126 que
178 3034 260 3104 alius
283 3032 473 3102 auditorum
494 3034 597 3122 ullus,
624 3034 682 3124 qui
703 3056 831 3126 magno
843 3056 984 3102 numero
1000 3034 1197 3103 circumste-

93 3148 222 3208 teruntz
254 3139 288 3207 in
312 3137 435 3226 quibus
458 3136 521 3204 luit
538 3138 589 3205 vir
609 3137 762 3205 eximiam
785 3146 904 3227 postea
926 3136 1111 3204 claritatem
1132 3136 1197 3204 ad·

96 3251 211 3334 eptas,
249 3264 352 3331 quem
378 3241 533 3308 miratum
566 3241 654 3322 scio,
692 3241 750 3330 qui
776 3241 837 3308 ista
870 3241 1018 3308 scribere
1050 3239 1198 3331 potuerit

95 3344 316 3414 Schaeferus:
342 3342 403 3410 sed
417 3344 589 3412 nominare
602 3345 701 3430 nolo,
726 3368 780 3431 ne,
806 3344 937 3412 illaesus
954 3342 1084 3427 adhuc,
1107 3364 1196 3435 poe·

95 3471 154 3516 nas
169 3447 237 3516 det
289 3446 446 3515 Narrabo
467 3468 556 3534 rem,
581 3447 667 3515 sicut
687 3456 762 3515 acta
776 3455 836 3520 est.
890 3445 1109 3536 Obsequutus
1126 3454 1198 3514 erat

96 3549 302 3620 Schaeferus
322 3549 405 3617 meis
426 3548 636 3638 aliorumque
657 3549 963 3639 adhortationibus,
988 3556 1026 3617 ut
1043 3571 1080 3618 se
1101 3549 1197 3616 abie-

96 3663 153 3722 cto
181 3677 270 3744 quae
289 3651 489 3744 typothetae
513 3662 712 3743 peccassent
738 3652 929 3746 corrigendi
954 3651 1039 3719 tristi
1057 3651 1196 3743 negotio

95 3755 140 3824 ad
155 3754 328 3824 docendas
341 3756 374 3822 in
387 3754 606 3824 Vniversitate
620 3766 736 3824 nostra
754 3757 906 3846 antiquas
920 3756 1044 3822 litteras
1061 3754 1196 3822 confer·

95 3867 165 3946 ret,
189 3867 434 3950 paraturusque
455 3858 517 3926 sibi
541 3858 576 3926 id
598 3859 649 3929 ius
674 3869 745 3927 erat
765 3858 989 3927 Meletematis
1013 3855 1058 3925 ad
1078 3855 1197 3948 dispu-

96 3961 237 4030 tandum
257 3961 396 4053 publice
409 3960 599 4054 propositis.
651 3962 713 4030 Me
727 3960 800 4050 ille,
825 3963 951 4030 amicus
972 3980 1014 4029 eo
1031 3967 1198 4052 tempore,

96 4075 295 4157 rogaverat,
317 4073 355 4133 ut
372 4062 623 4133 contradictoris
639 4073 753 4156 partes
772 4064 986 4158 susciperem.
1037 4062 1199 4133 Libenter

95 4169 250 4261 promisi,
275 4168 481 4260 rogavique,
508 4168 665 4256 quoniam
681 4168 829 4237 sciebam
845 4176 879 4237 et
894 4189 1056 4260 magnum
1074 4166 1198 4235 librum

97 4279 133 4339 et
150 4270 377 4364 plenissimum
402 4272 605 4362 scriptorum
627 4271 834 4341 citationibus
855 4271 974 4356 scribi,
1009 4278 1048 4338 ut
1067 4269 1198 4362 singula

97 4374 196 4462 folia,
221 4375 419 4463 simulatque
438 4375 571 4466 prelum
592 4374 814 4465 reliquissent,
840 4375 1002 4461 mitteret,
1029 4394 1098 4463 quo
1116 4372 1197 4440 mihi
