2842 4920
427 320 556 387 'eie
579 325 602 388 1.
647 325 821 391 caelo.
1158 337 1202 400 40
1316 388 1323 397 ,

82 513 202 584 Potuit
231 510 288 581 hic
320 511 423 580 etiam
448 514 486 586 εἴ
510 541 570 587 κεν
596 490 673 588 dici.
727 517 786 586 Sic
813 519 901 586 enim
926 519 1108 610 loquuntur
1139 547 1200 591 ve-

82 616 225 689 terrimi.
278 615 375 690 Iliad
403 636 444 711 ψ.
471 611 559 691 526.

137 783 171 829 ει
164 747 301 828 ’δέκ’
327 751 384 825 ἔτι
409 755 574 850 προτέρω
600 756 724 848 γένετο
751 750 937 852 δρόμος
912 762 1198 855 αμφοτέροισιν,

136 885 189 953 τῳ
217 856 277 930 κέν
301 881 369 948 μιν
394 854 610 950 παρέλασσ,
638 855 720 930 odd
745 853 980 956 ἀμφήριστον
1004 864 1144 960 ἔθηκεν.
1230 947 1234 955 ι

83 995 171 1064 Et
161 1019 198 1063 rn
223 1014 324 1062 versu
348 992 408 1060 ilio
433 994 528 1086 apud
551 994 767 1065 Herodotum
791 996 819 1064 1
848 995 933 1071 174.

138 1121 231 1210 Zeaic
255 1120 326 1224 γάρ
353 1124 389 1200 κ’
414 1129 522 1229 ἔθηκε
547 1131 678 1226 νῆσον,
704 1133 742 1206 εἴ
762 1134 800 1205 κ’
826 1125 1008 1226 ἐβούλετο.

82 1267 133 1337 Et
159 1289 238 1336 cnm
263 1267 479 1359 pronomine.
506 1266 632 1359 Odyss
654 1295 685 1342 ν.
713 1262 800 1338 2⁰5.

346 1395 416 1495 ἐμω
442 1404 484 1476 δέ
509 1431 570 1475 κεν
596 1403 708 1479 ἄλλον
734 1409 951 1502 ἐρισθενέων
972 1401 1155 1505 βασιλήων

137 1498 333 1603 ἐξικόμην,
361 1502 400 1586 ὅς
425 1505 485 1579 κέν
513 1534 544 1600 μ
585 1513 702 1602 εφιλει
727 1537 788 1582 και
813 1536 951 1602 επεμπε
976 1511 1138 1584 νέεσθαι.

83 1643 165 1712 Non
188 1641 414 1710 necessarium
440 1651 512 1710 erat
536 1645 680 1712 alterum
704 1646 774 1718 κέν.
826 1647 916 1713 Nam
942 1647 1068 1728 oratio,
1110 1670 1199 1737 qnae

85 1768 248 1838 suspensa
274 1754 394 1813 estex
418 1746 483 1813 alia
508 1748 689 1828 sententia,
722 1749 818 1816 verbi
844 1749 948 1816 modo
974 1758 1106 1818 servato
1132 1772 1199 1818 non

84 1849 217 1941 indiget
231 1847 431 1940 repetitione
446 1851 640 1941 particulae.
675 1851 769 1936 Quin
788 1853 991 1920 recentiores
1015 1853 1115 1920 etiam
1134 1852 1199 1919 ad-

85 1961 287 2045 spemantnr
305 1952 541 2043 repetitionem
559 1954 762 2024 huiusmodi.
805 1956 880 2024 Nec
905 1955 1041 2048 repetiit
1064 1955 1198 2024 Home-

85 2077 142 2126 rus
159 2052 230 2135 011
243 2057 274 2128 d.
287 2052 374 2125 178.

752 2190 851 2268 ουδέ
861 2221 922 2268 κεν
947 2191 1060 2292 ημέας

137 2292 227 2369 ἄλλο
254 2291 432 2389 διέκρινεν
461 2296 633 2388 φιλέοντέ
654 2324 696 2369 τε
721 2298 932 2393 τερπομένω
958 2325 1024 2387 σε,

134 2395 223 2497 πρίν
244 2425 267 2491 y
305 2394 367 2470 ὅτε
385 2391 431 2496 δη
445 2391 630 2472 θανάτοιο
644 2401 760 2494 μέλαν
775 2402 882 2494 νέφος
894 2393 1164 2497 α’μφειιαλοψιν

89 2550 193 2623 Nato
226 2573 295 2622 ποε
328 2551 556 2642 dimisisset,
603 2560 802 2645 antequam
836 2574 938 2622 mors
972 2552 1197 2625 occuluisset.

85 2658 175 2726 Nam
199 2655 227 2724 si
251 2655 411 2748 primaria
437 2656 599 2726 sententia
617 2656 848 2725 conditionalis
871 2664 938 2742 est,
971 2678 1039 2724 non
1058 2667 1199 2751 possunt

85 2783 155 2829 non
181 2760 294 2829 omnia
320 2759 555 2828 conditionalia
577 2783 660 2847 esse,
686 2782 774 2850 qnae
795 2759 947 2852 pendent
966 2782 1008 2828 ex
1027 2783 1077 2830 ea.
1131 2761 1198 2831 Se-

87 2887 146 2933 cns
173 2872 241 2952 est,
267 2861 327 2931 nbi
352 2864 516 2933 sententia
540 2864 737 2957 principalis
763 2866 834 2934 sine
858 2863 1047 2933 conditione
1073 2873 1135 2949 est,
1161 2874 1199 2933 nt

87 2966 156 3038 Od.
183 2994 217 3040 τ.
244 2960 305 3035 25.

138 3097 260 3199 δμωαῖς
286 3099 323 3177 δ’
350 3098 415 3177 οὐκ
441 3103 516 3185 εἴας
540 3099 841 3196 προβλωσκέμεν,
868 3105 914 3170 αἴ
933 3125 994 3170 κεν
1013 3102 1176 3194 ἔφαινον.

89 3253 174 3325 Νοπ
198 3254 315 3326 sivisti
341 3253 443 3324 exire
468 3255 644 3340 ancillas,
679 3274 793 3346 qaae,
821 3251 849 3319 si
874 3249 1046 3335 exiissent,
1080 3252 1198 3321 locem
1275 3260 1278 3264 '

76 3359 240 3453 fuissent
254 3357 509 3452 praebiturae.
544 3359 611 3426 Hic
625 3359 653 3426 si
668 3357 833 3426 omisisset
856 3354 1069 3447 particulam,
1095 3378 1197 3448 prae·
1266 3426 1270 3441 Ι

85 3464 199 3532 buisse
224 3463 296 3530 illas
323 3463 435 3530 lucem
461 3462 605 3531 dixisset.

186 3566 373 3633 Recentior
398 3587 477 3633 usus
504 3587 546 3633 eo
571 3571 701 3632 tantum
727 3561 772 3628 ab
806 3559 906 3651 epico
932 3557 1067 3647 differt,
1103 3561 1198 3649 qnod

83 3669 286 3761 particulam
313 3666 359 3740 ἄν
384 3668 418 3734 in
445 3664 643 3736 secundaria
668 3663 830 3733 sententia
854 3684 923 3729 non
953 3662 1068 3746 aliter,
1095 3684 1198 3752 quam

85 3772 320 3840 sinecessaria
341 3780 401 3855 est,
428 3771 530 3841 addit.
567 3771 780 3861 Tempornm
804 3765 890 3833 ratio
911 3763 1033 3832 eadem
1053 3773 1110 3833 est.
1145 3767 1199 3834 Ac

85 3875 197 3967 primo
215 3873 453 3966 imperfectum
470 3875 673 3967 plerumque
692 3871 837 3939 refertur
856 3867 903 3935 ad
923 3890 1092 3959 praesens.
1118 3869 1199 3938 An·-

85 3977 198 4071 stoph.
225 3978 320 4046 Eccl.
348 3972 433 4044 151.

138 4111 343 4238 εβοολόμην
367 4113 437 4206 μέν
463 4117 589 4208 ἕτερον
616 4107 662 4184 ἄν
689 4107 761 4180 τῶν
787 4098 939 4203 η’θαδων

137 4217 251 4308 λέγειν
277 4245 326 4290 τα
317 4211 543 4310 βέλτισθ,
572 4220 606 4286 ἴν
612 4206 839 4308 ἐκαθήμην
866 4204 1014 4304 ἥσυχος·

138 4319 204 4392 νῦν
232 4315 268 4391 d
295 4346 361 4392 ουκ
387 4312 491 4393 έασω.

138 4436 260 4507 Henn.
282 4437 350 4509 On.
376 4437 434 4507 lv,
762 4414 765 4419 ¹
960 4427 993 4493 Ῑ)
