2842 4920
389 425 393 428 ,
468 359 552 425 LIB.
574 360 598 426 l.
641 358 739 424 CAP.
761 364 793 428 3.
1184 368 1209 428 ⁰

95 557 137 626 sit
153 563 258 645 atque
273 551 578 624 accommodatum
610 538 732 644 anue
748 553 929 628 difficultas
947 563 1092 648 augetur
1106 554 1208 622 etiam

94 683 152 748 eo,
178 657 292 748 quod,
322 659 351 725 i
359 659 403 727 ab
421 658 560 726 ubemur
577 659 828 751 comparatione
841 659 1034 750 linguarum
1049 658 1208 727 auxilium

93 772 209 856 petas,
236 760 332 851 quod
354 762 390 828 iu
409 761 601 830 huiusmodi
621 785 660 829 re
680 762 845 852 optimum
871 784 946 829 esse
967 761 1209 829 adminiculum

94 867 196 952 solet,
221 865 316 932 nulla
336 874 387 932 est
404 865 537 956 lingua,
564 860 658 932 cuins
674 865 846 956 particulis
867 865 911 933 ad
932 865 1024 932 hunc
1044 867 1148 933 finem
1161 865 1209 932 ita

94 970 142 1038 uti
165 969 291 1061 possm,
310 976 349 1034 ut
369 991 430 1036 eae
451 989 521 1036 non
539 976 598 1035 aut
609 969 783 1055 maiorem,
808 978 866 1036 aut
886 967 1061 1057 minorem,
1087 977 1146 1036 aut
1167 989 1209 1037 ex

94 1082 192 1164 parte
206 1073 326 1140 saltem
348 1071 515 1139 diversam
526 1072 595 1139 vim
609 1070 767 1157 habeant,
793 1093 914 1161 eoque,
938 1071 1019 1138 dum
1035 1072 1210 1162 explican-

96 1176 161 1243 dae
181 1177 232 1242 rei
255 1196 324 1241 nou
345 1175 416 1244 sine
437 1176 577 1242 utilitate
602 1174 824 1261 adhibentur,
838 1242 840 1246 Α
853 1185 968 1242 tamen
987 1176 1086 1243 simul
1108 1175 1210 1243 etiarn

96 1279 343 1372 proclivitatem
358 1277 405 1344 ad
427 1277 608 1345 errandum
634 1277 787 1346 afferant.
838 1279 892 1348 Ac
913 1278 1027 1346 nescio
1053 1301 1097 1345 an
1121 1277 1211 1345 haee

96 1383 210 1449 omnia
229 1382 415 1473 praecipuo
435 1381 584 1469 quodam
598 1381 702 1448 modo
718 1380 884 1471 quadrent
906 1383 941 1449 in
961 1381 1144 1472 particulas
1163 1379 1209 1452 ἄν

96 1496 130 1554 et
149 1486 221 1569 κέν,
248 1485 368 1573 quibus
384 1505 452 1551 non
473 1485 581 1552 solum
598 1484 631 1552 in
645 1484 728 1567 aliis,
753 1508 838 1574 quas
853 1508 922 1578 ego
937 1485 1076 1574 quidem
1088 1485 1210 1570 norim,

96 1589 220 1680 linguis
236 1587 348 1654 nullae
365 1587 550 1678 particulae
567 1609 610 1655 ex
625 1589 715 1653 omni
727 1598 826 1678 parte
841 1587 1067 1678 respondent,
1094 1587 1156 1655 sed
1166 1587 1210 1654 -in

96 1695 174 1784 ipsa
191 1689 403 1758 Graecorum
426 1691 544 1781 lingua
563 1689 733 1777 quaedam
751 1690 938 1780 particulae
959 1689 1046 1757 adeo
1068 1677 1144 1756 sunt
1163 1690 1210 1757 si-

98 1795 216 1878 miles,
238 1803 276 1861 ut
294 1817 338 1862 ne
356 1795 399 1862 ab
416 1794 469 1860 his
491 1792 630 1881 quidem
652 1792 825 1882 quomodo
842 1791 1001 1860 differant
1021 1792 1129 1859 statim
1146 1814 1211 1882 ap-

96 1905 226 1989 pareat.
286 1895 360 1964 Sed
389 1919 493 1986 quum
518 1897 655 1965 omnino
681 1917 751 1962 non
776 1895 838 1963 nisi
860 1894 988 1986 duplex
1009 1895 1063 1963 via
1084 1903 1211 1985 pateat,

99 2024 201 2090 quam
218 2000 291 2089 quis
310 2000 346 2069 in
364 1999 433 2067 hoc
446 2023 574 2092 genere
589 1998 723 2090 ingredi
735 1999 859 2089 possit,
884 2021 972 2093 una,
996 2007 1035 2065 ut
1056 1997 1212 2065 diuturna

99 2114 324 2192 accurataq'ue
345 2112 499 2172 veterum
522 2103 725 2194 scriptorum
748 2102 891 2169 lectione
914 2102 961 2169 ita
988 2102 1212 2193 persentiscat

99 2216 302 2299 potestatem
328 2215 363 2274 et
383 2228 481 2274 usum
499 2206 621 2273 harum
641 2206 896 2297 particularum,
923 2204 1213 2295 quemadmodum

100 2311 245 2378 solemus
260 2310 348 2377 iniis
370 2310 508 2401 linguis,
536 2333 619 2399 quas
641 2309 835 2399 quotidiana
853 2309 1013 2376 sermonis
1030 2316 1211 2379 consuetu-

100 2414 179 2481 dine
193 2412 417 2495 addiscimus3
443 2414 558 2498 altera,
573 2422 622 2498 ut,
634 2422 858 2503 posteaquam
872 2411 1105 2480 huncsensum
1114 2433 1212 2478 com-

100 2540 240 2608 parasse
265 2516 361 2584 nobis
382 2514 575 2605 videamur,
601 2514 647 2581 ad
669 2515 776 2583 claras
792 2538 869 2582 eum
890 2515 1127 2604 distinctasque
1146 2535 1212 2580 no-

99 2622 207 2688 tiones
227 2641 388 2687 revocare
414 2619 624 2704 studeamus,
657 2641 745 2707 quae
770 2617 909 2706 quidem
929 2618 984 2684 via
1002 2618 1073 2685 sola
1095 2617 1213 2684 relicta

101 2733 152 2791 est
166 2725 214 2809 ei,
241 2721 300 2812 qui
314 2721 439 2790 docere
461 2724 550 2791 vult:
576 2723 773 2790 conabimur
786 2722 892 2808 hanc,
919 2721 1069 2810 quamvis
1087 2719 1212 2788 diffici-

101 2827 168 2893 lem
183 2825 392 2916 provinciam
411 2826 447 2893 in
466 2848 528 2894 nos
544 2827 716 2916 recipere,
742 2847 971 2917 rogamusque
986 2825 1147 2906 lectores,
1174 2833 1212 2891 ut

102 2929 163 2997 has
175 2929 393 2998 subtilitatum
407 2930 553 2997 latebras
576 2930 753 2996 nobiscum
763 2936 962 3019 perreptare
976 2949 1019 2994 ne
1036 2926 1212 2995 fastidiant.

205 3032 292 3100 Sunt
302 3031 336 3098 in
349 3033 465 3124 lingua
479 3031 614 3098 Graeca
625 3041 692 3099 tres
706 3032 790 3097 aliae
798 3030 993 3121 particulae,
1016 3052 1103 3117 quae
1118 3029 1211 3096 simi-

103 3137 171 3202 lem
186 3143 225 3201 ut
238 3133 284 3205 civ
299 3143 334 3202 et
356 3135 415 3206 κὲν
433 3129 502 3201 iim
515 3132 659 3218 habent,
685 3133 786 3218 ἴσως,
813 3123 903 3220 πού,
931 3138 965 3197 et
980 3131 1036 3214 τέ,
1062 3128 1124 3197 sed
1144 3128 1214 3195 dif-

103 3240 214 3305 ferunt
238 3237 349 3329 gradu
369 3245 403 3305 et
419 3237 533 3307 modo.
574 3235 628 3304 De
646 3235 716 3303 sola
733 3235 821 3303 enim
840 3232 1080 3325 significatione
1095 3241 1128 3299 et
1143 3252 1214 3323 po·
1272 3320 1278 3331 Ι

103 3350 224 3410 testate
252 3363 358 3428 nunc,
392 3362 461 3408 non
484 3339 529 3408 de
548 3339 813 3425 constructione,
839 3339 970 3427 loquor.
1023 3336 1214 3404 Commune

103 3445 254 3512 omnium
266 3442 335 3510 hoc
349 3452 414 3530 est,
441 3442 535 3531 quod
552 3443 747 3511 sententiam
760 3438 1013 3532 quodammodo
1029 3439 1213 3526 debilitant,

104 3549 204 3636 eique
240 3545 365 3634 aliquid
397 3546 623 3637 ambiguitatis
650 3545 788 3613 addunt
854 3543 958 3613 Cuius
986 3543 1212 3634 ambiguitatis

104 3652 215 3742 primo
229 3648 358 3740 gradum
378 3648 500 3716 diversi
523 3658 616 3717 sunt:
642 3649 707 3715 alia
729 3649 816 3716 enim
838 3647 1027 3739 possibilia,
1053 3647 1118 3712 alia
1139 3647 1213 3714 for-

104 3754 204 3837 tuita,
231 3752 297 3819 alia
318 3753 387 3819 veri
409 3752 545 3838 similia,
572 3753 636 3819 aha
654 3751 844 3843 probabilia
860 3773 933 3819 esse
951 3748 1100 3816 dicimus.
1152 3748 1213 3818 At-

106 3880 174 3946 que
199 3856 351 3922 omnium
374 3855 510 3923 minime
536 3863 628 3922 certa
652 3863 744 3940 sunt,
780 3853 825 3922 de
848 3855 968 3943 quibus
988 3851 1056 3919 hoc
1082 3860 1212 3919 tantum

106 3960 239 4044 scimus,
263 3981 366 4051 posse
382 3981 424 4025 ea
439 3980 531 4044 esse,
558 3957 618 4026 sed
637 3957 718 4025 nihil
733 3958 909 4046 habemus,
936 3979 1009 4024 esse
1022 3954 1112 4023 unde
1129 3977 1230 4044 con-¹

106 4063 264 4132 iiciamus.
316 4061 473 4130 Proxima
484 4061 537 4128 his
555 4069 641 4144 sunt,
664 4082 751 4150 quae
765 4071 879 4127 utrum
900 4059 974 4146 sint,
999 4082 1044 4127 an
1059 4081 1125 4135 non
1139 4059 1213 4144 sint,

108 4165 282 4232 fortuitum
304 4173 364 4250 est,
389 4164 412 4237 i.
429 4187 458 4232 e.
481 4186 524 4232 ex
546 4164 662 4252 aliqua>
676 4163 866 4231 conditione
884 4185 1093 4253 suspensum,
1120 4163 1212 4229 cuius

108 4269 230 4335 veritas
242 4267 336 4360 prius
354 4267 592 4358 cognoscenda
606 4267 664 4351 sit,
692 4289 793 4356 quam
805 4288 967 4345 verumne
986 4265 1037 4349 sit,
1063 4264 1157 4353 quod
1170 4287 1212 4331 ex

111 4391 151 4438 ea
174 4371 321 4464 pendet,
336 4371 502 4443 sciamus.
554 4370 749 4460 Sequuntur
770 4391 828 4459 ea,
864 4392 952 4463 quae
981 4369 1067 4436 veris
1095 4367 1213 4436 similia
