2842 4920
150 331 216 397 3Ίο
423 323 475 384 DE
497 319 682 384 nnnsvnn
703 317 929 393 vrnrstvn
948 339 996 381 αν.

259 513 338 598 ὄξος
366 511 413 585 ἄν
443 506 600 609 αἰτήσω,
632 504 740 594 τόξον
767 509 885 607 φέρει·
930 505 976 580 οἳν
998 506 1041 580 δι’
1066 533 1107 600 γε
1137 499 1261 596 τόξον,

363 631 453 716 ὅξος.

154 786 287 859 Siccine
318 808 400 854 vero
433 787 605 878 scripsisse
636 794 775 880 poetam
800 786 899 854 istum
933 779 1135 851 credamus?
1185 778 1264 849 Ad-

155 892 296 960 ducatur
320 889 460 958 forsitan
484 891 619 980 aliquis,
652 891 680 958 si
714 913 791 958 eum
824 886 937 957 videat
966 885 1076 955 vocali
1101 891 1264 985 sequente

153 993 199 1092 ἢν
219 994 331 1062 dicere
356 1015 388 1060 v.
409 992 446 1066 3.

257 1144 304 1243 ἢν
328 1140 422 1242 αὐτῇ
445 1140 577 1242 τυροῦς
602 1140 763 1229 ducionis
784 1147 941 1238 εἴπωμεν
965 1142 1126 1234 ἐνέγκαι,

155 1307 190 1368 et
214 1300 322 1392 magis
343 1297 462 1386 etiam,
490 1299 517 1367 si
537 1299 725 1370 consideret
745 1301 830 1390 hoc,
856 1322 888 1371 v.
908 1295 944 1366 Ί.

258 1451 303 1542 ἢν
346 1446 439 1526 ὀπόν
480 1447 635 1552 αἰτήσω,
678 1450 785 1530 δοκόν
829 1453 1000 1550 εἰςφέρει·
1043 1447 1110 1539 ἄν,
1146 1442 1266 1541 λα’χα-

783 1568 849 1649 νόν
868 1601 954 1667 μοι,

368 1694 473 1779 εἶτα,
500 1686 579 1780 δός,
605 1693 759 1785 πεινῶν,
786 1687 881 1769 εὐθό
907 1693 1010 1790 φέρει
1036 1684 1207 1767 λόοανον.

156 1858 286 1930 atnoe
301 1862 438 1953 quidem
452 1864 487 1932 in
503 1862 646 1933 disticho
662 1865 772 1935 codex
786 1864 832 1938 ἄν
846 1859 940 1939 ὀπόν
957 1857 1093 1960 αἰτήσω
1100 1918 1114 1953 ,
1141 1871 1179 1932 nt
1192 1863 1267 1954 ipse

157 1986 194 2032 se
214 1974 335 2057 poeta,
365 1966 392 2034 si
413 1969 628 2060 corripuisset
645 1967 690 2041 ἄν
711 1968 744 2036 in
768 1991 867 2037 versu
891 1970 948 2058 qni
971 1967 1136 2057 sequitur,
1171 1967 1267 2034 refu-

157 2076 244 2136 tasse
267 2069 431 2140 videatur.
495 2071 612 2156 Quare
637 2072 719 2161 qnid
749 2071 993 2156 dubitabimus,
1030 2070 1111 2160 quin
1131 2069 1267 2154 librarii,

156 2193 227 2343 pon
242 2181 367 2340 popitae
388 2173 450 2242 ista
466 2175 633 2268 scriptura
650 2174 716 2245 sit?
768 2173 982 2270 Corrigenda
1000 2197 1058 2264 ea,
1079 2174 1141 2243 nisi
1156 2174 1267 2262 fallor,

185 2294 228 2343 oc
238 2297 295 2342 mo
322 2298 364 2343 o:

264 2427 344 2514 ὄξος
370 2421 435 2501 cdv
464 2426 577 2519 circi,
617 2422 725 2512 τόξον
756 2430 877 2530 φόρει·
916 2430 963 2505 όν
996 2429 1036 2506 δι’
1069 2423 1116 2504 τό
1144 2423 1268 2521 τόξον,

370 2545 460 2631 ὄξος.

159 2707 259 2775 Patet
274 2706 383 2789 αἰτοῖ,
409 2715 446 2773 ut
467 2705 501 2773 in
522 2728 561 2775 re
576 2727 664 2796 quae
684 2703 868 2795 quotidiani
885 2726 963 2773 usus
978 2713 1047 2793 est,
1074 2712 1168 2772 recte
1191 2702 1267 2771 dici.

160 2809 293 2879 Deinde
309 2808 418 2876 codex
431 2807 477 2880 οἷν
491 2809 530 2881 δὲ
548 2803 665 2891 τόξον.
717 2809 817 2876 Bono
832 2831 917 2900 ergo
930 2809 1001 2875 iure
1016 2807 1169 2876 videmur
1185 2831 1268 2876 con·

161 2912 328 2996 tendisse,
362 2911 507 3004 produci
533 2911 579 2984 civ
607 2911 701 3001 quod
729 2934 772 2979 ex
801 2904 864 2984 ἐόν
887 2911 1014 2979 factum
1042 2921 1101 2982 est.
1164 2909 1269 2996 Quod

162 3016 361 3105 quominus
386 3015 458 3106 quis
482 3036 549 3082 uno
578 3016 727 3082 alterove
755 3023 915 3105 corrupto
938 3036 1037 3082 versu
1066 3016 1268 3106 impugnare

162 3119 399 3211 aggrediatur,
439 3119 568 3207 aliquot
596 3119 710 3210 piacet
741 3117 899 3209 producti
934 3119 1091 3208 exempla
1132 3117 1267 3185 afferre.
1322 3127 1329 3143 ·

160 3221 216 3289 Ex
236 3221 435 3314 fragmentis
456 3221 550 3312 apud
570 3222 782 3289 Athenaeum
803 3220 889 3288 haec
908 3221 1037 3289 notavi:
1063 3245 1099 3313 p.
1114 3220 1200 3289 100.
1224 3220 1267 3289 D.

162 3322 251 3397 110.
270 3325 312 3392 Ε.
351 3322 438 3397 218.
461 3324 502 3395 Β.
543 3323 628 3393 292.
654 3323 694 3392 C.
730 3318 815 3393 305.
836 3323 879 3391 E.
922 3322 1008 3396 330.
1034 3323 1074 3392 C.
1113 3321 1199 3391 339.
1224 3325 1266 3391 Α.

163 3424 250 3496 311.
273 3428 315 3496 Α.
353 3427 413 3497 XI.
439 3425 527 3495 781.
550 3427 590 3496 F.
642 3425 729 3496 782.
755 3427 798 3494 Ι).
839 3427 900 3517 (p.
925 3424 1036 3494 1030.
1066 3425 1178 3495 1038.
1213 3424 1267 3495 ed.

161 3530 343 3620 Diodori.)
376 3525 463 3599 519.
487 3533 530 3603 A.
584 3526 670 3598 595.
696 3529 735 3598 0.
797 3529 902 3620 Apud
936 3531 1123 3598 Stobaeum
1155 3538 1267 3598 autem

163 3634 223 3707 III.
240 3634 275 3704 Ί.
301 3633 342 3700 V.
358 3631 417 3702 11.
443 3633 502 3700 IX.
517 3632 552 3701 0.
578 3634 670 3703 ΧΙΧ.
687 3631 720 3702 2.
754 3633 863 3704 XXII.
881 3631 930 3701 19
960 3632 1019 3703 20.
1046 3634 1154 3700 ΧΧΧ.
1170 3633 1206 3719 4,
1232 3630 1268 3704 1.

162 3736 304 3804 XXXV.
321 3736 356 3806 i.
390 3735 498 3808 LXII.
513 3734 572 3803 28.
605 3736 760 3806 LXXVI.
777 3735 811 3806 1.
849 3735 971 3803 CXIII.
987 3736 1055 3824 10,
1076 3736 1112 3810 3.
1144 3735 1267 3806 cxvl.

163 3835 232 3924 35,
259 3839 293 3907 2.
347 3837 469 3907 CXXI.
491 3839 550 3911 13.
578 3850 612 3908 et
635 3841 670 3906 in
692 3838 894 3931 Appendice
921 3839 1014 3931 apud
1037 3839 1269 3909 Gaisfordium

163 3942 231 4013 vol.
253 3942 311 4009 IV.
336 3939 396 4007 20.
449 3942 700 4035 Reponendum
721 3941 766 4013 ἄν
790 3965 855 4033 pro
875 3935 939 4017 ἑόν
965 3942 1053 4012 cvl.
1078 3941 1120 4031 8,
1146 3942 1208 4011 14.
1234 3943 1271 4012 iu

163 4044 346 4113 Menandri
366 4066 465 4111 versu
485 4045 810 4143 Θεοφορουμένουε
890 4106 892 4111 .

266 4213 459 4310 ἄνθρωπος
475 4214 520 4288 ἄν
535 4211 558 4310 ᾖ
576 4211 746 4315 χρηστός,
769 4212 912 4314 εὐγενής
918 4272 933 4308 ,
961 4213 1114 4315 σφόδρα.
