2842 4920
473 384 559 447 LIB.
581 385 603 447 1.
648 384 745 447 CAP.
769 390 799 451 t.
1153 395 1197 458 26

89 571 132 645 ἄν
146 573 315 670 ἔγραψεν.
342 575 537 647 Andocides
549 578 593 647 de
608 588 789 701 mysterffip
801 576 861 648 73.
888 577 1003 649 Reisk
1023 582 1084 652 uni
1098 583 1196 654 Bek-

88 678 236 767 kemsp.
254 677 339 749 146.
353 681 553 771 particulam
569 685 661 751 uncis
673 684 820 752 inclusit.
843 678 887 754 οὐ
904 678 973 781 χιίρ
991 712 1090 758 εστιν
1101 714 1196 769 οςτις

88 774 1195 913 πωποτεαμωνπαριωντηνοικιαντηνημετερανανεμνησθη
1293 823 1296 843 ·

88 911 107 978 η
96 881 199 977 ἰδίᾳ
216 911 256 954 τι
272 911 294 979 η
319 886 476 1010 δημοσίᾳ
491 883 602 961 κακόν
618 883 750 963 παθων
767 885 832 961 ὑπ
847 888 1009 979 ἐκείνων,
1037 899 1073 963 oi
1071 892 1195 965 πλεί-

82 1012 174 1080 στας
183 991 253 1076 μὲν
263 983 576 1084 στρατηγήσαντες
593 989 810 1120 στρατηγίας
823 985 940 1063 πολλοὶ
949 986 1110 1094 τρόπαια
1120 994 1194 1068 τῶν

87 1087 269 1180 πολεμίων
283 1091 342 1162 καί
356 1086 452 1163 κατα
464 1093 532 1188 χῆν
546 1094 605 1166 καὶ
619 1123 715 1167 κατα
707 1088 966 1167 θαλατταν
943 1101 1031 1187 υμῖν
1045 1092 1195 1172 ἁπίδει-

87 1200 161 1275 ξαν,
189 1191 357 1275 πλείστας
372 1194 409 1266 δὲ
423 1192 572 1276 ἄλλας
546 1223 661 1294 αρχας
674 1195 851 1319 ἄρξαντες
859 1195 918 1268 καί
930 1192 1101 1293 χρήματα
1115 1203 1196 1273 δια·

87 1292 309 1387 χωρίσαντες
330 1324 377 1369 τα
405 1294 566 1396 ομίτερηι
593 1296 745 1372 οὐδὲν
720 1327 766 1371 αν
795 1291 942 1373 παίσατε
971 1296 1102 1394 meror
1153 1303 1197 1373 ld

87 1419 146 1464 nos
161 1396 370 1487 diceremus,
397 1401 458 1470 die
473 1388 576 1472 ια’σίιι
590 1411 687 1474 etwa
700 1401 878 1496 schuldig
891 1405 1054 1475 werden.

185 1551 332 1620 Rariora
352 1564 427 1622 sunt
455 1557 629 1646 exempla,
655 1556 827 1644 inquibus
847 1578 960 1644 neque
980 1557 1196 1648 intempore,

87 1675 196 1744 neque
210 1655 245 1721 in
254 1658 415 1745 personis,
431 1658 538 1726 sedin
553 1661 631 1750 ipso
645 1660 736 1726 facto
751 1657 877 1747 aliquid
890 1659 1017 1727 fortuiti
1031 1669 1092 1733 est.
1119 1662 1197 1729 Ηο-

88 1780 197 1826 merus
213 1756 282 1830 Od.
300 1761 330 1832 d
347 1757 475 1829 546.

190 1937 212 2008 η
227 1938 296 2007 γαρ
313 1939 379 2006 μιν
395 1907 484 1999 ζῶόν
499 1943 538 2007 χε
551 1911 741 2037 κιχήσεαι,
762 1911 860 2011 ἧκεν
871 1909 1044 2036 Ὀρέστης

188 2019 327 2088 κτεῖνεν
366 2012 656 2114 ὑποφθάμενος,
695 2044 739 2092 σα
771 2019 813 2091 dr!
842 2044 902 2090 κεν
935 2009 1058 2112 ταίφοο
1087 2013 1197 2093 ιῖντι-

586 2150 588 2155 ·
712 2114 893 2219 βολήσαις.

80 2273 157 2340 'Nos
176 2274 383 2360 diceremus,
410 2272 503 2343 oder
523 2297 562 2344 es
574 2274 643 2344 hat
657 2274 719 2343 ihu
732 2282 828 2343 etwa
844 2271 998 2342 orestes
1014 2273 1196 2366 getddtet.

86 2376 197 2445 Nemo
219 2376 509 2468 reprehenderet,
535 2403 562 2446 s1
551 2378 670 2472 ἰίιίηἈ
696 2405 754 2449 και
748 2376 953 2470 legeretur.
1005 2376 1078 2446 Sed
1097 2379 1196 2493 agni-

88 2486 158 2546 tum
172 2479 232 2552 ιιὲν
249 2481 349 2548 etiam
369 2481 413 2561 ab
431 2482 573 2570 antiquis
588 2482 836 2574 interpretibus.

190 2633 289 2718 Quae
307 2633 468 2704 hactenus
481 2636 668 2726 attulimus,
693 2636 740 2702 ita
755 2641 849 2702 erant
862 2638 1073 2722 comparata,
1099 2637 1137 2698 ut
1152 2628 1197 2703 σίν

87 2737 250 2827 particula
269 2760 333 2829 per
354 2761 390 2805 se
416 2739 488 2805 sola
508 2740 564 2807 vel
590 2749 677 2808 esset
698 2745 888 2806 constructa
911 2757 989 2803 cum
1016 2733 1197 2801 indicativo

87 2840 275 2929 praeteriti,
302 2841 357 2907 vel
379 2850 496 2932 posset
516 2866 594 2910 cnm
615 2865 657 2911 eo
679 2838 876 2910 constmcta
886 2839 1073 2916 existimari.
1124 2837 1198 2905 Sed

89 2951 137 3010 est
160 2942 252 3010 aliud
270 2966 378 3034 genus
405 2944 586 3035 loquendi,
609 2947 729 3035 inquo
751 2967 792 3011 ea
805 2943 970 3034 particula
985 2964 1053 3008 non
1069 2948 1120 3006 est
1134 2962 1197 3030 per

88 3069 122 3114 se
146 3045 337 3113 constructa
353 3070 430 3114 cnm
448 3049 573 3133 verbo,
599 3046 660 3114 sed
673 3046 821 3137 pertinet
835 3044 880 3109 ad
895 3066 1014 3110 vocem
1029 3041 1197 3108 conditio-

87 3149 135 3217 nis
153 3151 415 3241 significantem,
440 3151 556 3240 quales
574 3159 650 3218 sunt
666 3152 711 3230 εἰ,
739 3146 778 3228 ὃς
792 3146 954 3235 aliaeque.
981 3142 1048 3215 Od.
1065 3152 1091 3228 ζ.
1109 3141 1195 3212 282.
1218 3155 1224 3166 “
1263 3188 1271 3200 .

186 3303 378 3399 βέλτερον,
406 3297 489 3375 εἶν’
508 3295 603 3399 αὐτή
621 3329 689 3401 περ
704 3299 923 3396 ἐποιχομένη
939 3290 1048 3371 πόσιν
1065 3291 1170 3394 εὗρεν

190 3403 359 3480 ἄλλοθεν.

87 3558 215 3628 melius
235 3567 308 3644 est,
335 3559 369 3627 ei
381 3557 491 3652 sorte
508 3559 593 3654 ipsc
609 3557 678 3628 sibi
693 3558 870 3629 maritum
886 3554 1071 3650 quaesivit.
1124 3553 1198 3620 Nos

86 3663 140 3730 hic
157 3683 296 3752 quoquc
316 3670 421 3731 etwa.
456 3665 546 3732 Nam
563 3665 726 3732 sententia
741 3660 983 3747 conditionalis,
1009 3659 1069 3733 ubi
1081 3656 1198 3722 incerti

87 3766 241 3854 quidest
263 3767 299 3831 in
324 3766 533 3853 conditione,
571 3767 671 3833 facile
694 3764 837 3834 admittit
863 3766 961 3832 istam·
988 3760 1196 3852 particulam.

86 3869 204 3958 ltaque
232 3867 387 3935 videntur
409 3869 445 3935 id
468 3871 568 3937 etiam
589 3870 769 3938 Dorienses
797 3891 870 3937 esse
892 3865 1017 3934 imitati.
1047 3862 1197 3930 Incertus

86 3972 325 4064 Pythagoreus
355 3971 478 4097 apud
470 3972 606 4040 Galium
636 3996 672 4063 p.
701 3970 787 4043 722.
816 3968 964 4054 αὐτίκα,
991 3971 1199 4088 κατηγορεῖς

88 4075 293 4200 ἱεροσυλίαν
309 4068 385 4158 aed,
402 4072 478 4146 cri'n
494 4072 635 4166 ἐγένετο
652 4073 815 4202 ταίρχον,
820 4067 961 4194 αλαθης
979 4098 999 4142 ο
991 4060 1125 4189 idyoc·
1153 4068 1199 4134 Εῐ

89 4207 126 4248 αι
141 4201 191 4246 (ιιι
204 4177 412 4268 significante
426 4202 461 4268 p
480 4176 600 4245 '62⁰st
583 4177 658 4249 επεὶ
677 4179 720 4247 αἱ
729 4204 783 4255 τις
797 4166 976 4297 ε’ροιτησαι
992 4166 1060 4250 ταις
1078 4171 1198 4262 λε’χον-

89 4298 153 4360 τας
167 4309 212 4361 ως
228 4274 274 4352 τό
289 4273 383 4351 adro
404 4280 501 4352 ἐστίν
516 4279 642 4353 ἄδικον
658 4307 717 4350 και
710 4279 893 4364 δίκαιον,
915 4280 998 4348 αἴκα
1017 4267 1061 4399 ’δη
1081 4301 1118 4343 τι
1140 4273 1199 4344 δί-

90 4408 193 4458 καιον
208 4409 291 4480 περι
309 4377 377 4464 mdc
391 4385 517 4478 γονίας
535 4386 692 4480 ε’πραξαν
701 4436 715 4474 ,
739 4380 986 4476 ’ὁμολογοῦντι
1003 4404 1061 4450 και
1055 4372 1200 4448 ι’ίὸικον
