2842 4920
206 340 272 405 sne
566 335 940 401 uunuoamonus
1065 320 1068 326 ’

209 529 418 599 mirationem
440 527 609 620 excipias,
643 528 772 621 primus
796 529 913 598 utilem
936 529 968 597 ei
990 550 1132 620 operam
1152 529 1322 622 praestitit

210 636 260 703 vir
276 631 428 700 doctrina
439 655 548 721 aeque
561 639 663 722 atque
674 657 737 701 usu
754 633 925 701 doctrinae
939 632 1087 720 eximius,
1112 634 1209 703 Imm.
1225 633 1321 702 Bek-

210 737 331 820 kems,
357 734 621 803 emendatiorem
641 745 713 806 tum
737 760 779 805 ex
798 738 903 806 multo
925 736 1065 804 meliore
1083 737 1220 823 codice,
1246 746 1322 805 tum

212 838 462 931 comparatione
482 839 595 907 Nonni
615 839 824 908 aWemikio
846 841 938 908 facta
958 838 1128 908 exhibens.
1179 840 1322 930 Aliquot

211 943 417 1012 versionibus
442 951 476 1010 et
499 943 737 1011 commentario
759 945 957 1012 instructum
972 943 1090 1034 paullo
1111 951 1192 1035 post
1212 942 1322 1011 edidit

212 1046 395 1116 Stanislaus
410 1045 565 1132 lulianus,
591 1044 723 1116 duobus
736 1047 836 1115 codd.
850 1046 1015 1134 Parisiuis,
1039 1068 1182 1136 quorum
1198 1047 1321 1115 lectio·

211 1171 270 1218 nes
285 1151 353 1216 iam
364 1149 556 1240 Lennepins
574 1148 712 1237 habuit,
736 1172 806 1217 non
821 1149 928 1218 solum
942 1151 1064 1218 iterum
1087 1150 1232 1236 collatis,
1258 1148 1321 1218 sed

211 1252 349 1345 integris
365 1252 439 1343 ipsa
450 1275 528 1319 cnm
542 1251 654 1320 forma
670 1253 853 1321 litterarum
867 1252 1027 1346 repetitis.
1068 1253 1177 1322 Huius
1196 1252 1321 1321 editio-

211 1355 261 1423 nis
282 1357 340 1446 qui
353 1355 492 1423 brevem
507 1378 682 1424 censuram
694 1357 730 1424 in
750 1356 883 1426 Notitiis
903 1356 963 1425 litt.
980 1355 1073 1424 Gott
1091 1380 1121 1425 a
1137 1351 1251 1429 1825.
1273 1375 1319 1423 ιιι.

211 1458 307 1550 Sept
323 1460 361 1526 P.
375 1455 462 1527 155.
479 1458 611 1550 scripsit
624 1461 666 1528 V.
675 1461 719 1529 l).
729 1460 861 1545 mirum,
888 1458 980 1550 quod
997 1459 1120 1528 collato
1134 1459 1221 1527 libro
1234 1457 1320 1526 Mu·

210 1562 330 1629 tinensi
343 1584 471 1652 paucos
491 1570 619 1630 tantum
635 1572 762 1633 restare
784 1574 961 1654 corruptos
976 1563 1069 1631 locos
1086 1562 1142 1630 ait.
1193 1561 1320 1630 Novis·

150 1704 153 1734 ι
211 1665 294 1732 sime
309 1665 509 1756 impressum
523 1675 574 1734 est
590 1690 726 1735 carmen
738 1667 823 1735 illud
838 1691 858 1735 e
870 1667 1065 1735 recensione
1077 1663 1228 1734 Bekkeri
1241 1685 1321 1733 cunr

185 1768 463 1858 6Tryphiodoro
476 1768 624 1860 Lipsiae,
648 1770 785 1838 adiectis
800 1771 980 1861 scripturis,
1003 1792 1085 1857 ques
1102 1767 1211 1837 codex
1224 1770 1321 1837 Net-

209 1872 395 1963 politauus,
430 1871 550 1939 nullius
570 1873 627 1941 ille
652 1873 770 1965 pretii,
809 1873 1053 1965 suppeditarat.
1104 1869 1322 1940 Emendandi

208 1974 398 2066 periculum
417 1973 497 2042 fecit
510 1974 567 2042 Fr.
585 1975 760 2061 (bacilus,
786 1977 837 2045 vir
855 1977 937 2045 mihi
956 1976 1191 2060 amicissimus,
1215 1993 1320 2064 quem

209 2085 351 2168 propter
366 2077 521 2145 eximium
541 2079 640 2146 animi
655 2079 839 2147 candorem
853 2103 922 2148 non
935 2081 1043 2146 minus
1062 2102 1164 2169 quam
1174 2085 1321 2171 propter

210 2180 401 2246 excellentis
416 2180 542 2271 ingenii
556 2181 693 2249 virtutes
710 2181 814 2273 diligo
835 2182 1018 2274 magnique
1031 2182 1131 2249 facio.
1183 2181 1216 2248 Is
1233 2202 1319 2271 quus

209 2281 382 2372 Petropoli
399 2280 504 2349 edidit
520 2280 783 2351 Observationes
799 2284 927 2352 criticas
941 2284 976 2350 in
993 2282 1176 2352 Coluthum
1190 2292 1225 2351 et
1234 2283 1320 2354 ΜΙ·

210 2405 344 2470 saeum,
370 2384 528 2475 repetitas
545 2385 591 2453 ad
609 2387 737 2454 calcem
758 2386 924 2480 Lennepii
946 2386 1098 2454 editionis
1122 2382 1320 2477 Lipsiensis,

209 2487 300 2554 iniis
322 2487 456 2579 gavisus
474 2511 549 2556 sum
572 2513 676 2580 quum
698 2512 776 2557 eum
797 2490 965 2581 quaedam
994 2491 1214 2582 proposuisse
1237 2489 1319 2575 vidi,

209 2591 245 2658 iu
261 2612 348 2679 qnae
364 2613 433 2683 ego
452 2613 589 2681 quoqne
602 2593 804 2663 incideram:
829 2595 863 2662 iu
880 2595 950 2662 aliis
971 2616 1039 2661 nou
1052 2594 1171 2685 paucis
1186 2592 1320 2662 diversa

94 2786 98 2794 Ι
208 2692 292 2760 ιιιίΙιί
316 2696 477 2762 sententia
501 2705 562 2766 est.
613 2697 777 2765 Adsuevit
800 2697 906 2784 enim,
932 2696 1166 2764 statuariorum
1183 2695 1320 2765 illorum

208 2818 323 2879 more,
351 2798 409 2886 qui
430 2797 521 2865 laesa
544 2806 579 2865 et
601 2808 754 2867 truncata
770 2800 927 2891 antiquae
950 2801 1028 2868 artis
1042 2800 1247 2867 monimenta
1263 2800 1319 2868 iu-

208 2908 344 2990 tegrare
361 2907 395 2966 et
415 2909 603 2968 restaurare
619 2911 801 2988 conantur,
826 2926 895 2971 non
918 2903 1042 2971 tamin
1063 2925 1105 2970 eo
1132 2903 1319 2989 elaborare,

208 3012 246 3069 nt
256 3024 339 3090 quas
353 3002 519 3072 habemus
537 3014 688 3073 veterum
706 3006 862 3097 reliquias
875 3032 894 3075 a
908 3005 1036 3074 mendis
1052 3006 1171 3094 quibus
1187 3005 1318 3074 obsitae

209 3114 285 3174 sunt
306 3116 449 3199 purget,
476 3131 577 3197 quam
598 3118 638 3177 nt
656 3132 763 3200 opera
782 3109 880 3202 ipsa,
899 3109 1010 3200 qualia
1032 3109 1105 3199 quis
1131 3109 1243 3176 animo
1263 3108 1318 3176 in-

208 3209 356 3278 formare
371 3211 495 3301 possit,
521 3213 690 3303 perpolita
707 3212 880 3280 exhibeat:
906 3211 1089 3301 quaemihi
1105 3210 1245 3302 quidem
1258 3209 1317 3279 in-

209 3313 339 3402 geniosi
361 3313 472 3403 potius
494 3314 627 3381 artificis
656 3314 824 3403 quaedam
846 3317 1009 3403 sollertia,
1041 3337 1144 3404 quam
1165 3314 1317 3382 officium

209 3437 283 3481 esse
307 3414 438 3481 videtur
462 3415 577 3487 critici.
629 3417 747 3506 ltaque
762 3419 797 3485 in
818 3417 888 3505 his,
916 3442 1002 3509 quae
1016 3418 1090 3510 ipse
1112 3417 1156 3485 de
1171 3416 1316 3485 ‘corathi

210 3517 357 3584 carmine
373 3517 520 3586 dictums
542 3541 632 3606 sum,
657 3522 920 3612 praetermittam
943 3523 1109 3614 pleraque
1127 3520 1256 3607 omnia,
1281 3520 1316 3588 in

208 3621 329 3711 quibus
345 3644 366 3687 a
382 3619 521 3689 Graelio
538 3644 616 3690 meo
631 3623 797 3692 dissentio.

310 3725 431 3800 Nonni
459 3726 640 3815 Nonnique
653 3728 866 3810 imitatorum,
891 3722 1055 3816 inquibus
1070 3723 1234 3794 Coluthus
1253 3730 1315 3814 est,

178 3872 182 3879 -
207 3827 331 3918 partim
352 3828 459 3896 facilis
481 3828 671 3898 emendatio
693 3840 761 3915 est,
787 3831 911 3921 partim
934 3830 1098 3897 difficilis:
1131 3828 1238 3895 facilis
1262 3849 1315 3911 eo,

209 3929 301 4018 quod
319 3940 411 3998 certo
425 3933 459 4001 in
473 3933 556 4000 orbe
576 3942 610 4001 et
624 3934 860 4002 sententiarum
878 3943 912 4001 et
929 3935 1111 4002 verborum
1129 3941 1164 3999 et
1180 3929 1323 3999 dicendi·

207 4032 386 4100 modorum
401 4068 404 4075 ·
419 4036 512 4125 quasi
539 4037 826 4130 circumaguntur3
865 4036 1008 4105 difficilis
1035 4044 1178 4129 propter
1194 4047 1316 4127 ‘genus

209 4134 342 4202 dicendi
364 4135 513 4205 inflatum
539 4148 572 4207 et
599 4140 837 4208 abundantiam
862 4140 1024 4207 inutilium
1048 4139 1248 4226 verborum,
1281 4137 1316 4203 iu

83 4240 85 4245 ’
209 4261 276 4327 qna
290 4239 319 4306 si
336 4239 419 4328 quid
434 4251 631 4332 corruptum
648 4253 714 4328 est,
736 4244 809 4311 fere
823 4266 909 4332 qnae
923 4243 1094 4334 potuerint
1112 4240 1211 4309 scribi
1232 4263 1316 4331 per·

90 4343 97 4354 '
208 4343 313 4411 multa
334 4352 514 4413 occurrunt
529 4345 667 4434 critico,
692 4348 776 4416 latet
797 4355 928 4433 autem,
961 4347 1036 4440 pari
1050 4346 1131 4418 ,iure
1153 4344 1314 4428 omuimu‚
