2842 4920
163 340 227 403 1611
505 336 565 398 DE
600 337 877 404 etnulcvtt
898 333 943 403 ὔν

163 527 211 596 sic
235 550 308 596 esse
329 525 603 619 intelligendum,
630 528 667 599 εἴ
683 554 780 608 τινες
800 528 948 627 φέροιεν
957 583 972 619 ,
1000 521 1066 602 ὔῦο
1083 556 1125 624 χο
1143 525 1189 603 οὔ
1204 529 1277 626 φέ..

164 659 285 728 potat,
311 631 395 698 illud
410 640 523 699 autem
537 629 633 700 Iliad.
653 660 687 703 α.
707 630 793 700 211.

679 774 831 857 κείνοισι
847 779 885 858 δ’
901 781 947 856 οἲν
965 781 1065 866 οὔτις

213 883 306 975 τοῦν,
334 891 374 957 ot
385 885 450 959 νῦν
464 883 595 980 βροτοὶ
608 885 697 959 εἰσὶν
711 880 940 977 ἐπιχθόνιοι,
966 888 1164 979 μαχέοιτο,

162 1064 229 1109 uon
246 1039 395 1131 potuisse
415 1039 537 1106 omissa
560 1039 725 1132 particula
747 1038 833 1123 dici,
859 1039 938 1128 quia
952 1041 999 1108 sic
1017 1049 1074 1108 aut
1088 1039 1157 1108 hoo
1173 1039 1275 1131 cogi-

161 1153 297 1229 taretur,
326 1143 362 1212 εἴ
379 1168 434 1221 τις
451 1136 625 1232 μάχοιτο,
650 1140 749 1223 οὔτις
766 1135 927 1234 μάχοιτο
950 1141 1112 1223 ἐκείνοις,
1142 1152 1200 1211 aut
1215 1143 1275 1213 hio

161 1269 275 1316 sensus
292 1242 462 1335 prodiret,
489 1247 526 1316 οἴ
544 1271 600 1325 τις
618 1239 778 1338 μα’χοιτο
794 1243 960 1333 ἐκείνοις,
989 1244 1089 1326 οὔτις
1110 1240 1273 1337 μῦχοιτο

161 1348 309 1427 ἐκείνοις
314 1401 329 1435 ,
355 1369 457 1415 nemo
472 1370 541 1414 non
555 1347 648 1416 videt
660 1349 707 1415 ita
727 1347 936 1438 disputatum
950 1372 1048 1433 esse,
1074 1356 1130 1434 ut,
1156 1348 1274 1441 prouti

160 1453 234 1543 quis
254 1451 351 1537 velit,
378 1459 437 1517 aut
453 1473 495 1517 ex
507 1451 621 1541 priore
637 1452 714 1519 loco
732 1451 960 1521 demonstrare
974 1452 1092 1544 possit,
1118 1452 1152 1519 iu
1164 1454 1272 1520 altero

160 1554 341 1623 delendam
358 1576 432 1621 esse
447 1554 665 1644 particulam,
692 1563 749 1621 aut
770 1548 977 1622 emseo'uudo
991 1557 1070 1623 loco
1090 1556 1273 1624 ostendere

159 1657 352 1727 addendam
358 1656 459 1725 fuisse
466 1658 499 1724 iu
507 1657 631 1748 priore.
657 1659 747 1725 Nam
754 1658 784 1725 si
798 1657 918 1733 eodem
928 1659 1044 1747 modo,
1060 1681 1129 1747 quo
1143 1658 1188 1727 de
1201 1657 1272 1726 hoo

157 1762 345 1854 posteriore
358 1761 435 1827 loco
451 1760 572 1845 statuit,
597 1764 749 1852 priorem
761 1750 974 1851 interpretari
987 1762 1159 1848 volemus,
1185 1762 1270 1830 duas

157 1865 540 1954 habebimusperversas
549 1865 737 1955 sententias,
752 1871 809 1930 aut
818 1864 1117 1958 si'uvacps'potsv‚
1132 1861 1271 1945 οὔτινος

159 1971 316 2063 φέροιεν,
329 1975 387 2034 aut
395 1969 428 2038 si
441 1959 505 2038 δῦο
519 1969 728 2062 χεφέροιεν,
745 1962 789 2039 οὔ
799 1959 910 2060 δῦοχε
920 1969 1082 2063 φέροιεν·
1095 1967 1270 2059 sinposte-

156 2074 279 2139 riorem
289 2071 402 2137 locum
413 2091 454 2137 eo
467 2068 584 2156 modo,
612 2093 680 2158 quo
695 2070 739 2137 de
752 2070 866 2161 priore
881 2072 987 2157 sentit,
1015 2071 1270 2161 explicabimus,

156 2171 512 2256 recteillesehabebit,
528 2182 773 2262 evanescetque
783 2194 885 2259 quam
894 2175 1073 2241 omissione
1082 2174 1270 2265 particulae

155 2276 247 2344 nasci
257 2283 355 2366 putat
368 2273 639 2364 perversitatem:
663 2277 765 2354 εἴτις
783 2268 943 2366 μάχοιτο
959 2276 1125 2356 ἐκείνοις,
1153 2275 1200 2348 οὔ
1214 2303 1271 2358 τις

155 2378 229 2452 τοῖν
245 2378 309 2452 νῦν
329 2370 498 2469 μῦχοιτο.
553 2376 624 2445 Cur
647 2379 735 2445 enim
756 2399 861 2467 quum
878 2378 912 2444 in
927 2379 1033 2446 altero
1051 2379 1129 2447 loco
1144 2388 1271 2471 urgeat

155 2483 307 2550 additum
322 2479 556 2572 praedicatum
574 2473 640 2553 δῦο
661 2509 721 2575 χο,
748 2481 823 2566 hio,
850 2481 909 2548 ubi
925 2483 1076 2549 additum
1100 2490 1150 2549 est
1166 2484 1269 2552 etiam

155 2585 408 2679 significantius,
442 2584 515 2656 vnio
540 2589 581 2657 οἳ
598 2583 662 2656 νῦν
680 2581 811 2677 βροτοὶ
831 2582 920 2654 εἰσὶν
943 2578 1176 2672 ἐπιχθόνιοι,
1201 2609 1268 2679 pro

154 2712 222 2755 uon
246 2687 362 2754 addito
384 2686 514 2754 habet?
539 2686 695 2777 Denique
716 2684 798 2775 quid
819 2685 941 2754 talibus
962 2687 1041 2777 fiet,
1072 2689 1175 2775 quale
1197 2689 1269 2759 hoo

154 2800 224 2879 est,
251 2789 347 2858 lliad.
367 2816 404 2884 φ.
424 2787 511 2860 274.

675 2941 801 3015 ἔπειτα
817 2940 856 3017 δὲ
868 2939 929 3013 καί
944 2969 983 3013 τι
1001 2935 1187 3036 πῦθοιμι,·

153 3094 257 3181 Quod
274 3116 316 3165 ex
332 3094 436 3186 ipsius
450 3101 637 3188 praecepto
652 3118 757 3184 quum
777 3096 824 3164 sic
842 3095 1130 3186 interpretandum
1146 3096 1204 3184 sit,
1232 3097 1270 3168 εἴ

153 3228 192 3271 τι
212 3195 398 3290 πάθοιμι,
424 3193 588 3290 ποῖθοιμί
607 3225 664 3281 τι,
691 3198 774 3286 quid
788 3199 824 3265 id
839 3198 930 3265 aliud
951 3208 1018 3285 est,
1046 3221 1147 3287 quam
1170 3199 1265 3289 quod

152 3301 187 3368 in
218 3301 371 3368 omnibus
398 3299 578 3367 verborum
606 3301 716 3369 modis
738 3303 851 3368 locum
875 3301 1004 3369 habet?
1039 3303 1129 3370 Nam
1162 3304 1265 3371 etiam

152 3395 277 3491 πῦσχω
301 3401 384 3491 quid
404 3400 495 3468 aliud
518 3411 568 3469 est
589 3425 691 3490 quam
706 3397 830 3492 πάσχω
850 3405 886 3474 εἰ
900 3397 1053 3492 ποῖσχοῖ
1074 3405 1193 3494 ltaque
1216 3407 1264 3474 sic

150 3506 263 3599 potius
294 3503 547 3572 emstimandum
573 3513 640 3592 est,
675 3507 766 3574 nudo
795 3507 943 3599 optativo
968 3508 1162 3598 opinionem
1191 3509 1263 3577 sine

152 3608 360 3694 conditione,
387 3609 536 3698 optativo
552 3631 628 3676 cum
641 3611 805 3699 particula
820 3608 865 3681 ἄν
882 3619 994 3677 autem
1009 3634 1206 3701 suspensam
1222 3634 1263 3681 ex

152 3713 341 3780 conditione
356 3712 468 3800 aliqua
481 3712 672 3802 opinionem
690 3714 882 3805 significari.
934 3713 1043 3804 ldque
1060 3714 1144 3781 vidit
1161 3716 1263 3783 etiam

150 3814 315 3882 Matthiae
328 3815 373 3883 ad
386 3815 502 3905 Eurip.
516 3815 660 3908 Hippoi.
674 3815 762 3888 468.
794 3817 908 3906 Atque
922 3818 979 3883 illa
996 3817 1135 3907 quidem
1149 3818 1263 3887 forma

151 3918 239 4009 epici
253 3920 463 4009 potissimum
478 3927 553 3986 sunt
567 3919 629 3991 usi,
683 3918 852 3989 Homerus
869 3919 937 3992 od.
951 3950 983 4014 y.
1005 3919 1103 3992 231..

200 4075 281 4169 ῥεῖα
298 4065 385 4150 θεός
396 4067 434 4165 χ’
448 4072 583 4146 ἐθέλοι
599 4070 660 4145 τοὶ
674 4065 833 4170 τηλόθεν
849 4071 965 4171 ἄνδρα
983 4067 1132 4147 σαώσαι.
1235 4150 1238 4155 ,

148 4224 238 4294 Vide
264 4223 391 4292 ibidem
417 4221 505 4296 319.
532 4233 561 4306 ξ.
588 4223 673 4292 122.
700 4251 735 4296 π.
766 4223 852 4293 386.
879 4225 975 4300 Iliad.
1002 4255 1033 4299 ιι.
1059 4223 1145 4297 246.
1171 4221 1258 4296 556.

150 4352 180 4400 ο.
199 4323 261 4401 45.
281 4325 364 4395 197.
392 4353 426 4399 τ.
446 4325 533 4402 321.
561 4355 598 4423 φ.
620 4327 708 4401 211.
735 4355 772 4400 ω.
794 4328 880 4402 213.
914 4330 993 4399 Duo
1007 4330 1107 4400 huius
1124 4332 1258 4424 generis
