2842 4920
450 331 536 391 LlB
558 332 584 394 1
632 332 1206 402 01111065

84 519 246 589 docidem
262 543 298 611 p.
323 516 384 587 ll.
412 519 516 610 (106.
537 516 573 643 6.
594 520 655 592 21.
680 516 837 613 Bekk)
831 524 919 644 φερε
934 519 979 614 δη
992 551 1137 614 roem,
1164 555 1195 600 εν

84 623 145 694 καὶ
160 620 183 695 ὁ
198 648 322 718 norae
339 617 551 714 ἑβοάλττα’
528 628 744 718 τακομέναν,
771 653 857 707 τους
869 626 1034 719 φίλους
1009 657 1056 699 αν
1071 632 1197 755 cipedo

85 724 335 822 ἢὲπντρέαειν
352 721 456 818 αὐτῷ
471 731 613 818 μένειν,
640 724 943 826 ἤέχχυήσασθαὶ;
968 726 1051 803 α’λ).
1070 727 1136 804 οὐκ
1150 731 1197 805 cir

85 835 354 922 παραιτεῖσθαι
370 857 430 899 ναι
423 827 630 904 δεῖσθαι’
606 836 767 923 ααιέναι,
794 829 888 907 ὅπου
902 833 948 905 άν
964 835 1109 921 ἔμελλεν
1123 831 1196 907 αὐ-

84 924 148 1010 τάς
162 925 421 1025 σωθήσεσθαι,
448 936 516 1022 ἐμέ
526 961 567 1007 τε
581 929 646 1006 οὐκ
662 931 865 1020 duobis,
856 957 877 1001 ¹
896 959 925 1004 e
951 934 1197 1028 vitisatorem

85 1042 181 1114 erat
197 1042 283 1101 utet
298 1033 376 1125 ipse
390 1057 535 1105 seruare
529 1037 687 1129 posset,
704 1048 740 1107 et
755 1062 813 1108 me
829 1060 900 1106 non
904 1040 1077 1131 perdere
1106 1040 1197 1109 Cae-

85 1146 196 1204 terum
204 1136 475 1205 Schaeferumiu
489 1138 607 1208 Melet.
626 1164 719 1233 crp.
738 1142 824 1210 131
839 1142 1008 1210 brevitatis
1020 1142 1197 1211 studiodu

85 1262 174 1306 aisse
187 1250 272 1330 puto
287 1241 434 1328 ἔμελλεν
451 1241 592 1334 fungi
560 1266 635 1312 vice
648 1241 875 1335 particulae
848 1270 911 1322 αν
933 1250 1035 1334 atque
1049 1246 1197 1337 εμελλεν
1330 1221 1335 1231 ἱ

86 1335 266 1414 δύσεσθαι
283 1342 376 1411 idem
399 1367 471 1412 esse
497 1346 590 1435 quod
612 1346 727 1420 ἔδυ
701 1377 759 1419 αν.
811 1348 901 1415 Nam
929 1357 966 1415 ut
987 1372 1090 1440 saepe
1109 1348 1196 1418 haec

85 1454 281 1536 permutare
301 1448 429 1537 possis,
454 1459 492 1515 ut
513 1449 547 1517 in
560 1451 618 1517 ilio
637 1473 758 1540 versu,
785 1450 911 1540 dequo
930 1451 1096 1543 disputat,
1124 1450 1194 1521 Or-

86 1547 193 1639 pbei'
184 1571 220 1616 1n
231 1549 362 1642 Argon.
380 1545 491 1619 1257.

135 1698 161 1800 ἦ
177 1696 274 1793 τάχα
290 1701 351 1774 καὶ
367 1697 521 1775 δύσεσθ’
536 1697 660 1798 ’Apro‘
672 1698 767 1775 κατά
778 1700 907 1796 βένθε’
923 1705 1084 1796 ἔμελλεν,

87 1867 199 1924 tamen
212 1855 280 1924 hoc
295 1856 461 1947 significat
470 1856 645 1949 peritura
658 1866 758 1948 erat,
784 1857 868 1925 illud
885 1866 997 1925 autem
1010 1856 1193 1949 periisset.

87 1960 147 2028 lilo
164 1958 302 2050 quidem
317 1961 352 2027 in
367 1982 466 2029 versu
483 1962 510 2028 si
524 1960 730 2029 Scbaeferus
745 1963 844 2029 scribi
858 1961 1021 2047 iussisset,

134 2111 196 2185 ταὶ
211 2105 307 2203 τάχα
321 2139 382 2185 κεν
398 2105 551 2186 δύσεσθ’
561 2106 686 2211 'Apro'
700 2108 796 2186 κατά
808 2109 938 2207 βένθε’
952 2113 1122 2205 ἔμελλεν»

87 2267 189 2335 multo
206 2265 244 2333 id
262 2267 369 2358 magis
390 2268 591 2357 probarem,
618 2290 721 2356 quam
741 2267 835 2358 quod
856 2267 1029 2359 vulgatam
1054 2261 1079 2363 ἤ
1099 2260 1194 2357 τάχα

87 2371 142 2442 ναὶ
169 2368 330 2438 defendit.
383 2371 461 2442 Κὲν
485 2371 573 2437 enim
595 2371 770 2462 epicorum
792 2392 902 2454 more,
934 2369 978 2437 de
1002 2391 1071 2459 quo
1093 2393 1195 2461 supra

87 2473 229 2560 dictum,
254 2473 301 2540 ita
319 2481 476 2564 potuerat
495 2473 611 2556 adiici,
631 2472 784 2566 utsorte
798 2473 1011 2565 signiticaret.
1063 2471 1194 2563 Vulga-

85 2585 153 2644 tam
175 2598 258 2644 vero
281 2598 385 2665 quum
407 2598 475 2667 ego
496 2577 530 2644 in
556 2576 823 2644 adnotationibus
846 2575 891 2643 ad
910 2572 1091 2665 Orpheum
1108 2596 1194 2665 pro-

85 2689 202 2772 pterea
218 2679 341 2763 reieci,
367 2678 462 2769 quod
476 2681 574 2770 opica
595 2681 702 2748 oratio
716 2678 774 2751 καὶ
789 2675 883 2768 τάχα
898 2679 1102 2769 postularet,
1129 2677 1195 2744 mi-

85 2806 138 2850 ror
151 2784 344 2851 menescire
358 2783 465 2850 visum
476 2805 550 2850 esse
565 2783 765 2872 Schaefero‚
778 2781 879 2873 ,quod
892 2783 947 2850 vel
962 2783 1060 2872 pueri
1076 2781 1194 2864 sciunt,

86 2881 107 2981 ἦ
134 2880 230 2976 τάχα
258 2885 450 2977 saepissime
472 2885 565 2978 apud
586 2887 700 2978 epicos
725 2887 812 2978 legi,
845 2908 914 2952 non
936 2894 1047 2953 autem
1071 2882 1194 2952 vidisse

86 3011 173 3078 eum,
200 2988 262 3057 bas
277 3012 390 3075 voces,
417 2989 511 3079 quod
524 2989 617 3055 initio
634 3012 742 3055 novae
757 2989 914 3055 orationis
932 2987 1100 3072 faciendo,
1126 3008 1194 3052 non

85 3091 329 3161 continuandae
361 3092 501 3160 orationi
530 3091 725 3172 inserviant,
760 3113 781 3156 a
805 3112 859 3156 me
883 3113 958 3156 esse
980 3091 1192 3178 vituperatas.

85 3194 161 3262 Hoc
179 3218 264 3287 ergo
286 3196 434 3263 refutare
456 3195 622 3278 debebat,
648 3194 675 3261 si
697 3193 881 3261 defendere
895 3192 996 3258 vellet
1008 3191 1192 3281 vulgatam.

148 3391 155 3401 .
185 3299 311 3367 Parum
325 3298 439 3367 differt
455 3299 555 3366 etiam
571 3299 668 3395 ἔφην.
695 3298 864 3365 Homerus
879 3293 947 3364 Od.
962 3297 992 3365 d.
1010 3292 1097 3362 lil.

134 3448 197 3522 uoci
212 3477 279 3543 μιν
295 3452 454 3546 ἔφην
404 3444 563 3524 ἐλθόντα
581 3450 776 3545 φιλησέμεν
796 3450 918 3538 ἔξοχον
936 3445 1052 3519 ἄλλων

135 3549 332 3647 Αρχειᾝων
360 3555 396 3625 εἰ
407 3553 492 3626 νῶϊν
507 3550 611 3641 ὑπειο
628 3551 698 3624 άλα
716 3547 847 3671 νόστον
864 3553 991 3624 ἔδωκεν

134 3655 237 3751 νηυσὶ
256 3655 367 3752 θοῇσι
387 3658 559 3749 γενέσθαι
576 3649 664 3727 Ολά
664 3682 774 3745 ματος
788 3648 948 3751 εὐρύοπα
968 3646 1070 3731 Ζεύς.

84 3805 304 3899 Sperabam.
357 3809 478 3897 Neque
498 3808 584 3875 enim
597 3808 723 3898 poteris
742 3830 937 3900 opponere,
965 3812 1090 3873 utnon
1107 3826 1191 3896 spc-

84 3912 166 3979 ναυὶ
176 3937 188 3979 .·
215 3910 277 3978 sed
296 3919 424 3980 utnon
436 3910 540 3979 venit.

183 4013 318 4082 Eadem
350 4015 494 4103 denique
527 4013 627 4080 ctiam
649 4013 744 4080 verbi
780 4001 984 4102 ἐβουλόμην
1013 4007 1194 4097 aliquando

85 4115 168 4182 ratio
185 4126 245 4185 est.
300 4116 373 4186 Sed
389 4119 456 4185 hoc
476 4117 617 4184 verbum
632 4117 658 4183 si
673 4138 761 4182 nunc
777 4114 882 4181 habet
900 4111 1090 4178 adiunctam
1110 4134 1193 4201 par-

82 4217 237 4302 ticulam,
263 4243 352 4287 nuuc
373 4244 441 4288 non
464 4219 586 4305 habet,
612 4217 827 4286 tribuendum
849 4216 886 4283 id
909 4223 960 4283 est
986 4212 1194 4304 ambiguitati

83 4321 342 4414 significationis.
368 4323 609 4392 Aeschincsc.
580 4321 788 4413 cCtesiph.
813 4342 882 4388 non
906 4320 1011 4407 longe
1037 4317 1081 4383 ab
1105 4315 1196 4382 initio

131 4424 434 4497 Hnnu.01².lV‚
650 4522 656 4536 ι
958 4420 990 4485 Ε
