2842 4920
528 353 612 414 ΗΒ.
632 350 672 414 11.
716 351 889 418 (111112.
1180 357 1243 419 m

151 549 329 618 iunctivum
343 543 497 633 usurpari
506 563 617 632 posse,
636 542 697 609 sed
712 549 837 610 certam
850 540 970 632 cuique
983 543 1145 611 rationem
1159 565 1240 611 esse.

150 655 191 720 Vt
205 654 240 719 in
257 648 368 741 Sopn
382 645 470 715 Oed.
485 646 528 712 R.
547 639 632 712 325.

560 796 604 878 oie
624 793 689 870 οὖν
703 793 792 894 μηδ’
806 789 875 888 ἐγω
886 790 1025 868 τούτόν
1041 792 1149 872 auido
1161 848 1190 883 .,

150 965 237 1025 reete
252 954 300 1021 sio
315 951 443 1019 dictum
456 959 516 1017 est.
567 949 711 1018 Veretur
725 951 813 1017 enim
827 949 990 1036 Tiresias,
1016 973 1075 1037 ue,
1101 953 1128 1020 si
1142 952 1244 1039 dicat,

150 1058 241 1148 quod
257 1057 322 1122 dici
334 1055 405 1121 vuit
427 1051 600 1144 Oedipus,
626 1054 738 1121 laedat
755 1054 865 1120 illum:
891 1053 1111 1143 quamobrem
1132 1064 1244 1126 tacere

151 1161 283 1228 mavult.
336 1156 440 1240 Quod
462 1157 490 1222 si
503 1155 654 1244 dixisset,
681 1153 726 1235 oie
743 1151 808 1227 οὖν
822 1151 908 1251 μηδ’
930 1149 998 1246 ἐγω
1011 1150 1149 1229 τοῦτον
1160 1158 1243 1231 πεί-

152 1290 280 1353 σομοι,
307 1259 375 1327 hoo
387 1259 604 1350 significasset
621 1258 718 1326 idem
733 1257 836 1344 ιιωἹιὶ,
863 1256 1051 1349 quadrini,
1078 1261 1244 1330 accidet:

151 1365 345 1433 videndum
371 1384 483 1453 ergo,
518 1363 696 1452 quomodo
720 1384 792 1429 non
821 1361 956 1431 evitem.
1005 1361 1046 1429 ld
1067 1387 1148 1431 vero
1173 1375 1244 1433 tum
1273 1392 1278 1401 ·

152 1478 239 1535 recte
254 1466 420 1557 potuisset
436 1465 565 1552 dicere,
593 1467 619 1532 si
638 1465 672 1532 in
689 1465 800 1532 animo
815 1462 956 1532 haberet
979 1466 1184 1556 respondere
1201 1468 1246 1535 ad
1294 1476 1297 1480 “

154 1595 206 1649 ea,
233 1591 320 1658 quae
334 1568 597 1658 interrogaverat
616 1565 787 1658 Oedipus,
815 1567 875 1632 etsi
887 1566 1034 1651 videret,
1060 1591 1128 1635 non
1142 1593 1245 1661 posse

152 1675 242 1740 ilium
264 1694 332 1737 non
347 1669 435 1737 laedi
448 1693 488 1736 ea
507 1693 553 1736 re.
606 1669 693 1737 Vide
707 1691 794 1758 quae
808 1668 898 1734 initio
916 1669 1064 1761 cap.X1.
1080 1675 1246 1742 attulimus

154 1777 207 1844 sic
220 1773 416 1843 Herodotus
426 1772 484 1839 vl.
502 1770 563 1839 85.
577 1799 613 1843 τι
609 1765 808 1864 ’βούλεσθε
822 1772 970 1856 ποιέειν,
996 1769 1122 1868 ἄνδρες
1138 1779 1247 1868 Αἰμι-

155 1879 280 1974 vtinam
299 1868 366 1949 τόν
383 1875 536 1966 βασιλέα
558 1874 631 1946 τοῖν
646 1874 908 1970 Σπαρτιητέων
925 1874 1073 1947 ἔκδοτον
1094 1872 1248 1971 γενόμε-

156 2009 215 2053 νον
238 2006 310 2052 οπο
332 1977 405 2049 anit·
425 1975 668 2074 πολιητέων
643 2003 783 2069 αηεινς
797 1977 830 2047 οἱ
850 1974 913 2046 νῦν
935 1972 1025 2071 ὁρμῇ
1050 1975 1249 2106 χρεώμενοι

156 2085 309 2174 ἔγνωσαν
325 2077 421 2151 οὕτω
421 2079 683 2204 Σπαρτιητοι,
712 2075 798 2158 ὅιιως
820 2074 1019 2204 ἑξοστέρης
1032 2073 1135 2199 μήτι
1150 2081 1249 2175 ὑμῖν,

158 2186 195 2280 η“ν
177 2184 338 2258 νταῦτα
356 2176 562 2278 πρήσσητε,
594 2175 830 2277 πανώλεθρον
854 2207 963 2253 ιιαιιον
983 2186 1017 2262 ἐς
1038 2208 1107 2276 την
1128 2181 1250 2280 χώραν

158 2281 347 2381 ἐμβάλωσι.
399 2287 488 2353 Nam
510 2285 595 2352 haec
618 2307 754 2374 quoque
771 2307 839 2351 non
854 2292 922 2351 tam
940 2286 1122 2373 monentis,
1149 2311 1251 2377 qnam

157 2389 328 2460 metuentis
342 2397 425 2456 sunt
476 2389 556 2457 Non
571 2389 716 2480 pertinet
737 2386 805 2455 huo
821 2386 932 2454 illud
923 2409 957 2453 ιιι
973 2387 1145 2480 Antigona
1164 2389 1250 2460 215.

257 2541 301 2622 ως
317 2542 360 2613 οἲν
376 2541 502 2613 σκοποὶ
518 2540 580 2612 νῦν
596 2537 660 2637 ἦτε
676 2539 749 2611 τοῖν
765 2539 970 2634 εἰρημένων.

159 2696 290 2764 Nam
265 2719 292 2762 sr
312 2696 452 2777 iuberet,
478 2691 663 2778 diceret,‘r
641 2721 734 2774 οπως
749 2694 876 2767 ἔσεσθε
893 2689 1038 2765 σιωπαί.Ι
1063 2717 1168 2784 quum
1183 2698 1257 2767 vel·

159 2800 201 2866 iet
217 2795 395 2882 dicere,‘
368 2825 428 2915 oc,
432 2796 476 2869 οἲν
491 2798 617 2869 σκοποὶ
635 2825 698 2920 ητη
712 2796 785 2868 τοῖν
801 2798 1005 2917 εἰρημένων,
1032 2799 1091 2870 uui
1092 2827 1160 2922 μη
1180 2805 1254 2874 ἐπι-

160 2901 296 3022 χωρῆτο
311 2906 386 2979 τοῖς
405 2895 620 2973 ἀπιστοῦσιν
642 2893 744 2984 τάδε,
772 2901 850 2969 ἴστε
868 2925 934 2970 τον
949 2895 1169 2993 παραβάντα
1186 2914 1254 2977 θα·

160 2998 356 3093 νούμινον,
382 3002 667 3092 interrumpuntur
688 3000 773 3067 haec
796 2997 891 3065 chori
913 3000 1025 3086 dictis,
1057 3011 1091 3068 et
1110 3005 1255 3093 proinde

160 3107 252 3172 aliter
263 3105 489 3172 conformatur
501 3107 628 3194 reliqna
637 3125 717 3195 pars
728 3100 892 3171 oratronrs.
901 3100 938 3189 *)
972 3103 1114 3191 Neque
1104 3126 1138 3173 m
1151 3106 1253 3173 Herc.

161 3209 182 3275 f.
198 3207 418 3296 14⁰1.qu0d
433 3207 565 3300 legitur,
590 3207 634 3274 ad
647 3207 714 3274 hoe
728 3227 835 3299 genus
846 3205 1000 3296 pertinet,

262 3358 400 3431 παίδων
415 3361 621 3456 στερηθείς,
647 3355 751 3433 παῖδ’
765 3357 859 3440 ὅπως
873 3360 940 3449 ἔχω
956 3353 993 3431 α’
1014 3349 1114 3446 ἐμόν.

162 3511 227 3579 Vbi
240 3512 269 3579 si
289 3516 351 3592 ἔξω
367 3513 529 3603 seriptum
548 3522 644 3591 esset,
672 3513 776 3581 verba
788 3512 878 3579 hune
895 3533 1025 3579 sensum
1037 3511 1256 3602 praeberent:

162 3612 461 3701 oberanhaus,
489 3618 666 3708 quomodo
682 3625 717 3686 te
732 3614 924 3684 habituros
933 3614 1002 3683 sim
1006 3612 1145 3708 filium,
1164 3612 1257 3683 vide.

162 3717 233 3786 Sed
251 3719 299 3784 ita
312 3717 339 3784 si
350 3719 542 3807 loqueretur
564 3721 752 3810 Hercules,
778 3717 1011 3785 adhortaretur
1029 3738 1119 3804 sese,
1145 3722 1183 3780 nt
1199 3715 1258 3782 filii
1290 3769 1294 3777 .

162 3821 239 3887 loco
258 3819 431 3889 Theseum
451 3822 609 3890 haberet:
637 3822 729 3912 quod
750 3822 866 3889 melius
887 3818 1094 3901 conveniret,
1117 3816 1144 3883 si
1165 3841 1205 3885 ea
1220 3841 1258 3885 re

163 3922 302 3991 'lireseo
326 3924 458 4015 potius,
484 3948 584 4017 quam
605 3925 669 4018 ipsi
692 3926 926 3993 consuleretur.
978 3923 1076 3988 Nunc
1096 3944 1177 3988 vero
1202 3930 1260 3989 aut

164 4024 359 4095 indicativus
379 4036 429 4096 est
452 4029 519 4119 ἔχω
526 4082 541 4118 ,
566 4027 635 4096 hoc
652 4051 768 4097 sensu:
795 4025 917 4095 tiberis
935 4023 1086 4095 orbatus
1106 4033 1141 4093 te
1161 4033 1259 4094 tam-

249 4344 281 4425 *)
301 4348 377 4410 Vide
391 4347 530 4408 adnotato
544 4349 576 4407 in
588 4347 635 4407 ed.
647 4345 734 4407 tertia
748 4344 923 4424 Antigonae.
