2842 4920
161 1229 1260 1360 EMENDAT10NESGOLVTH1.*)

158 1692 282 1825 Quod
301 1733 375 1801 fieri
395 1733 499 1817 solet,
524 1740 576 1820 ut,
599 1731 694 1823 quod
716 1731 790 1822 quis
807 1754 875 1801 non
895 1733 1006 1802 statim
1021 1756 1126 1824 quum
1143 1745 1285 1828 opor-3

157 1837 248 1904 tebat
259 1836 396 1924 fecerit,
424 1835 468 1904 de
481 1834 537 1903 die
555 1837 589 1903 in
606 1836 696 1903 diem
706 1835 900 1927 protrahat,
924 1836 960 1904 id
974 1837 1056 1906 mihi
1068 1839 1191 1907 accidit
1207 1840 1259 1910 bis

156 1940 313 2031 neglecta
328 1939 512 2030 scriptione
534 1938 789 2026 dissertationis,
814 1963 902 2028 qnae
923 1941 996 2007 ritis
1018 1964 1134 2009 eorum
1157 1966 1260 2034 prae-

156 2041 360 2130 mitteretur,
386 2043 445 2132 qni
462 2064 526 2132 per
549 2064 696 2110 annuum
715 2042 861 2133 spatium
882 2045 925 2110 ab
951 2041 1081 2112 Ordine
1104 2045 1262 2115 Philoso-

154 2145 302 2236 phorum
326 2154 437 2214 essent
452 2144 694 2237 Philosophiae
715 2145 881 2214 Doctores
897 2156 932 2214 et
949 2147 1081 2216 Artium
1102 2147 1262 2242 Magistri
1382 2226 1385 2237 ,

155 2248 266 2316 creati.
318 2249 424 2316 Incidi
438 2256 550 2316 autem
569 2249 603 2316 in
617 2249 680 2318 has
694 2271 807 2317 moras
821 2271 883 2336 eo,
909 2249 1003 2338 qnod
1022 2251 1192 2341 quaedam
1207 2254 1261 2321 ni·
1399 2283 1401 2287 ·

153 2351 214 2419 mis
234 2353 399 2442 impedita
412 2353 608 2419 obstinatius
622 2352 871 2443 persequebar,
897 2353 962 2420 alia
977 2363 1108 2439 autem,
1129 2357 1189 2423 ubi
1206 2358 1261 2423 in-

153 2453 348 2539 choassem,
380 2454 541 2546 longioris
565 2454 635 2521 vidi
660 2453 892 2544 disputationis
915 2455 1008 2540 fore,
1041 2480 1146 2546 qnam
1171 2480 1260 2547 qnae

152 2556 345 2625 huiusmodi
367 2556 631 2648 praefationibus
660 2557 861 2624 conveniret
912 2557 1032 2646 ltaque
1056 2582 1099 2627 ne
1124 2561 1260 2628 tertium

153 2658 307 2765 deessem
323 2660 437 2729 officio
456 2682 553 2746 meo,
583 2659 689 2728 missis
713 2660 855 2750 quaein
875 2660 1026 2728 medium
1047 2661 1171 2732 afferre
1196 2659 1261 2732 de·
1343 2697 1346 2705 ·

153 2763 372 2848 stipaveram,
399 2763 510 2831 subito
525 2763 661 2830 consilio
678 2762 830 2847 decrevi,
855 2763 1147 2854 productissimo]
1159 2767 1260 2835 trium

152 2889 315 2934 annorum
331 2865 541 2951 Candidatis,
568 2865 695 2954 aliquid
709 2888 867 2956 promere
883 2889 924 2934 ex
939 2890 982 2935 eo
995 2892 1139 2960 genere,
1166 2870 1260 2959 quod

152 2969 311 3059 quoniam
323 2968 357 3036 in
372 2970 444 3037 solo
461 2965 670 3036 coniectandi
682 2967 758 3034 lusu
773 2969 920 3058 positum
934 2979 1000 3055 est,
1025 2967 1149 3040 laboris
1165 2973 1259 3057 nihil,

151 3073 311 3140 terminos
334 3081 445 3139 autem
465 3070 655 3138 arbitrarios
670 3069 822 3137 haberet
873 3070 917 3137 ld
941 3071 969 3138 si
989 3071 1048 3160 qni
1068 3074 1259 3164 reprehen-

153 3173 252 3264 dent,
279 3172 546 3265 (reprehendent
565 3183 677 3240 antem
696 3173 724 3241 si
746 3183 814 3241 non
834 3172 907 3260 alii,
933 3183 1025 3242 certe
1045 3175 1109 3262 illi,
1136 3177 1258 3266 quibus

151 3276 220 3344 hoe
240 3300 343 3365 unum
360 3300 445 3368 opus
469 3286 536 3363 est,
562 3277 769 3368 vituperare)
794 3277 972 3345 serendum
993 3277 1029 3346 id
1045 3279 1123 3348 erit:
1150 3289 1184 3349 et
1203 3281 1258 3350 fe·

151 3379 294 3448 rendum
308 3389 411 3462 esset,
437 3378 602 3469 quidquid
617 3380 814 3448 scriberemt
841 3379 903 3448 sed
917 3381 1059 3450 fortasse
1074 3383 1177 3472 ahqui
1191 3374 1274 3454 mi(

151 3504 213 3550 nus
234 3483 360 3551 morosi
378 3482 505 3552 iudices
528 3505 571 3550 ne
590 3482 659 3550 hoo
680 3482 817 3572 quidem
837 3506 945 3576 genus
967 3485 1135 3554 scribendi
1154 3488 1257 3578 plane

152 3595 384 3667 contemnent,
416 3586 501 3653 nihil
526 3584 672 3675 denique
695 3585 786 3653 alind
810 3587 867 3678 agi
883 3587 1120 3681 intelhgentes,
1154 3612 1257 3678 qnam

151 3689 366 3778 quodetiam
387 3689 423 3757 in
442 3689 504 3756 iliis
520 3688 636 3774 rebus,
663 3711 751 3777 quae
771 3690 952 3780 plurimum
973 3701 1007 3758 et
1028 3690 1201 3759 doctrinae
1222 3701 1257 3760 et

150 3791 276 3861 laboris
298 3800 458 3884 poscunt,
483 3782 706 3882 praecipuum
722 3793 932 3881 maximeque
948 3793 1169 3861 necessarium
1189 3794 1256 3862 exi·-

150 3895 317 3981 stimatur,
343 3905 380 3963 ut
393 3903 487 3964 recto
508 3895 582 3985 qnis
599 3904 710 3962 utatur
731 3893 874 3979 iudicio,
901 3895 971 3964 sine
992 3918 1060 3986 qno
1080 3897 1134 3964 vei
1155 3899 1256 3967 uber·
1282 3934 1286 3943 =

149 3998 235 4066 rima
246 3998 406 4068 materiae
423 3998 541 4092 copia,
563 4006 736 4089 tamquam
747 3997 835 4067 iners
851 4008 885 4068 et
899 3998 991 4068 rudis
1005 4001 1128 4088 mules,
1156 4025 1257 4072 caeca

236 4295 265 4378 *)
290 4298 395 4363 Editus
415 4311 488 4366 sunt
508 4323 536 4365 a.
558 4303 651 4370 1828·
742 4321 745 4326 ’
