2842 4920
240 370 305 435 226
604 363 973 429 EMENDATIONES

343 557 385 627 V.
400 553 485 625 166.
511 554 597 625 hoec
613 557 786 650 leguntur.

295 708 395 785 οὔπω
408 709 530 803 μῦθος
544 709 687 807 ε’ληχεν,
715 705 787 784 ὁδ’
801 704 983 805 α’χλοιδν
953 736 1075 785 ωπασε
1090 711 1228 810 μῆλον,

295 811 443 909 α’χλαίης
456 807 659 908 οἱνώθημα,
684 815 780 906 μίχα
795 815 922 909 κτέρας
934 809 1192 911 Ἀφροχενείη,

295 910 476 1012 φυταλιήν
489 917 687 1007 πολέμοιο,
712 910 824 1013 κακήν
839 918 1016 1010 πολέμοιο
1032 918 1216 1014 χενίθληκ.

243 1069 398 1154 Quorum
407 1090 562 1137 versuum
572 1060 690 1135 ultimo
702 1068 787 1136 mhn
798 1068 881 1161 fingi
889 1078 1002 1160 potest
1015 1069 1175 1161 putidius
1204 1073 1347 1162 Aliquot

243 1172 344 1242 codd.
359 1181 394 1240 et
407 1169 485 1240 cdd.
500 1179 579 1238 vett
595 1165 799 1265 φοιταλιήν.
853 1171 1095 1242 scribendum:

293 1325 489 1421 φοιταλέην
502 1324 679 1415 πολέμοιο
693 1325 982 1418 κακοπτολίμοιο
996 1325 1182 1422 χενδδλην.

344 1475 386 1545 V.
405 1474 490 1545 176.
517 1476 616 1561 Quae
630 1475 686 1543 hic
699 1500 768 1545 nou
783 1475 947 1546 adiuvisse
959 1477 1122 1547 lunonem
1139 1479 1262 1549 dicitur
1278 1506 1345 1553 σα-

240 1581 330 1655 κδων
346 1578 530 1672 βασίλεια,
550 1578 609 1650 καί
623 1581 659 1652 εἰ
672 1573 784 1675 πυρδς
801 1579 879 1652 ἔστι
892 1575 1036 1679 τιθήνη,
1058 1583 1121 1649 ut
1111 1605 1146 1648 ιιι
1160 1583 1238 1655 cod
1254 1582 1343 1652 Mnt

240 1707 307 1777 pro
307 1678 495 1775 vulgato’
477 1680 552 1755 εσσί
569 1682 740 1774 scriptum,
766 1681 943 1751 ridiculum
953 1694 1050 1770 esset,
1077 1685 1103 1753 si
1118 1694 1175 1753 aut
1188 1685 1345 1756 Minerva

241 1796 346 1877 esset,
372 1795 409 1854 ut
429 1785 658 1875 Leunepio
627 1786 1246 1880 vnum.quicuimhaec,nbi1psa
1268 1791 1344 1857 viu-

241 1912 319 1958 cere
344 1888 499 1974 volebat,
535 1887 655 1955 lunoni
682 1888 889 1956 conciliasset
919 1890 1118 1960 victoriam?
1157 1902 1215 1959 aut
1242 1893 1344 1978 adeo,

240 1991 335 2083 quod
350 1992 480 2060 censori
494 1990 777 2084 Heidelbergeusi
790 1993 824 2059 in
837 2000 983 2061 mentem
997 1994 1096 2079 venit,
1123 1996 1245 2062 coniux
1256 1997 1343 2063 Vul-

241 2097 316 2164 cani
333 2094 460 2163 Gratia.
503 2093 605 2184 Enyo
625 2103 684 2179 est,
711 2116 813 2182 quam
831 2093 911 2160 dicit
926 2106 1040 2188 poeta,
1065 2096 1176 2165 facem
1194 2107 1342 2191 gestans

342 2197 398 2265 Ab
427 2197 556 2264 lunone
585 2195 702 2263 transit
723 2197 836 2264 Venus
864 2196 908 2264 ad
937 2197 1127 2267 Minervam
1151 2199 1204 2269 his
1230 2202 1342 2271 verbis

237 2321 269 2368 v.
279 2297 365 2372 ltu.

290 2444 352 2527 οἶοί
367 2479 408 2526 τε
419 2444 576 2532 κυδιάεις
590 2446 809 2544 ἀνεμώλιος,
831 2447 1067 2575 Ατρυτώνη,

289 2583 334 2675 ην
348 2547 463 2649 χώμος
477 2549 540 2628 οὐκ
557 2556 700 2650 ἔσπειρε
712 2554 772 2627 καὶ
796 2551 839 2629 οὐ
853 2549 1046 2647 μαιώσατο
1059 2552 1258 2657 μήτηρ,

289 2651 383 2731 α’λλα
397 2656 555 2780 σιδηρείη
566 2683 605 2731 σε
618 2651 724 2776 τομή
732 2684 792 2729 και
784 2657 883 2753 ρίζα
898 2654 1046 2756 σιδήρου

289 2753 467 2856 πατρῴων
487 2754 684 2850 ἀλόχευτον
699 2755 946 2885 α’νεβλαστησε
962 2757 1135 2858 καρήνων.

291 2863 352 2936 οἶα
367 2864 404 2935 δὲ
420 2859 616 2951 χαλκείοισι
628 2865 863 2991 καλυψαμένη
878 2857 970 2959 χρόα
986 2867 1152 2956 πέπλοις,

289 2966 350 3038 καὶ
367 2958 509 3062 φεύγεις
524 2958 734 3092 ‹ptio'rq‘cnt
723 2993 783 3037 και
775 2963 958 3088 ’Ἁρερς
938 2994 1024 3061 ερχα
1043 2968 1198 3058 διώκεις,

288 3067 462 3169 αρμονίης
475 3063 685 3156 ἀδίδακτος,
712 3062 966 3165 ὁμοφροσύνης
979 3066 1163 3169 α’δαήμων

187 3212 237 3284 ῙΊ
245 3223 463 3292 Bekkerus
439 3244 534 3313 signa
548 3218 757 3288 exclamaudi
769 3222 883 3311 posuit
895 3231 976 3311 post
990 3218 1203 3321 Ατρυτώνη
1216 3235 1338 3318 etpost

136 3320 141 3341 ⁸
236 3328 392 3404 πέπλοις
439 3325 492 3392 Ea
506 3323 591 3391 ratio
606 3324 633 3391 si
648 3345 728 3390 vera
742 3325 873 3410 esset,
863 3347 897 3390 ιιι
912 3326 1027 3413 quinto
1042 3326 1166 3395 horum
1179 3352 1337 3398 versuum

236 3438 349 3497 mente
375 3426 601 3517 repetendum
634 3435 721 3494 esset
748 3420 914 3506 κυδιαεις.
965 3429 1109 3497 Attum
1138 3442 1229 3500 certe
1257 3441 1338 3524 post

234 3523 493 3626 Ἀτρυτώνη
468 3552 601 3621 signum
619 3528 701 3596 illud
722 3552 789 3596 uon
808 3537 901 3596 recte
916 3541 1107 3622 poneretur.
1160 3535 1336 3604 Debereut

237 3636 326 3704 cuim
347 3633 528 3702 sentcntiae
543 3634 590 3699 ita
607 3632 807 3700 cohaerere:
834 3631 896 3704 οἶα
914 3628 1142 3725 κυδιώεις,
1118 3665 1180 3710 οτι
1203 3664 1244 3710 σε
1264 3632 1335 3730 χοί-

234 3765 303 3830 μος
319 3764 383 3809 ουκ
398 3737 580 3831 ἔσπειρεν·
607 3734 668 3807 οἶα
686 3732 785 3818 δέ,
764 3763 823 3806 οτι
842 3737 1004 3824 χαλκίοις
1022 3736 1146 3820 ὅπλοις
1161 3735 1334 3837 καλυπτη.

235 3841 307 3909 Sed
322 3863 364 3907 ue
379 3840 425 3908 sic
443 3838 580 3930 quidem
597 3839 709 3906 omnia
723 3845 816 3906 recte
829 3837 1066 3928 procederent.
1105 3844 1227 3932 Neque
1247 3845 1335 3911 euim

234 3953 315 4033 apte
334 3943 464 4010 adnexa
488 3951 599 4012 essent
617 3943 691 4033 illa,
718 3940 779 4013 καί
802 3934 943 4036 φεώχεις
967 3937 1168 4044 φιλότητα,
1196 3956 1230 4014 et
1246 3969 1335 4037 quae

234 4053 434 4134 sequnntur,
466 4070 553 4137 qnae
579 4048 715 4114 omnino
735 4067 796 4111 cur
815 4046 859 4112 ab
879 4047 978 4114 annis
999 4049 1130 4138 potius,
1165 4072 1269 4138 quam
1289 4051 1333 4117 ab

234 4149 362 4241 origine
381 4147 556 4218 Minervae
578 4149 783 4233 deriventur,
809 4172 877 4216 non
897 4160 1048 4240 apparet.
1101 4152 1194 4220 Nihil
1216 4161 1334 4243 posset

234 4249 452 4345 reprehendi,
479 4252 506 4320 si
517 4274 584 4344 pro
600 4251 705 4319 altero
724 4252 787 4318 isto
805 4250 865 4321 οἷα
883 4252 975 4319 alind
995 4254 1095 4343 quid,
1121 4278 1152 4322 ι.
1171 4279 1201 4328 c.
1222 4252 1334 4351 εἷμφί,

234 4357 412 4449 legeretur.
463 4355 536 4424 Sed
554 4379 657 4446 quum
669 4354 802 4422 minime
820 4365 1015 4446 suspectum
1029 4359 1070 4426 sit
1085 4357 1158 4449 οἶα,
1185 4360 1334 4450 positum
