2842 4920
291 365 342 426 DE
353 362 689 425 luscfflrulomuvs
704 360 930 437 Qvtuvsolu
945 308 1118 426 balucis.
1191 368 1255 432 829

201 557 276 644 [οὓς
302 557 340 629 δὲ
367 549 512 644 π]ο’νους
538 555 783 651 προφέρεσκεν
810 555 882 652 [ἑῆς
908 560 959 642 ib
985 548 1109 652 νηδύος
1131 518 1266 655 ἁγνῆς

315 663 416 746 [τ]οῖς
442 656 618 754 χαίρουσα
646 656 790 752 φίλως]
816 659 927 732 πᾶσιν
954 655 1098 756 ἁληθ[ὲς
1123 656 1203 748 cici]

150 831 241 899 Num
268 831 356 898 haec
380 852 462 898 vera
483 830 556 896 es'se
578 828 725 921 possint,
759 830 946 897 accuratior
975 829 1122 922 cognitio
1141 830 1252 900 doce-

150 934 208 1002 bit
263 934 303 1004 V.
323 934 358 1006 2.
392 932 591 1001 Welckerus
616 931 944 1006 uAstPENTm
964 943 1071 1001 mutat
1089 933 1124 1000 in
1145 937 1253 1009 Φλω-

151 1039 308 1130 ρέντιος,
341 1035 437 1127 quod
458 1037 600 1103 alterum
619 1057 744 1103 nomen
765 1035 936 1126 Apollonii
956 1037 1013 1121 sit,
1046 1038 1126 1126 quia
1145 1040 1254 1116 Φλω-

152 1142 295 1228 ρέντιον
317 1150 355 1207 ut
370 1162 494 1207 nomen
511 1138 655 1206 feminae
675 1149 869 1230 suspectum,
889 1140 937 1207 sit
989 1140 1068 1208 Hoc
1088 1142 1253 1236 posterius

152 1243 290 1330 quidem
315 1243 414 1311 facile
443 1242 550 1332 quivis
580 1241 761 1310 concedet:
795 1241 856 1311 sed
883 1241 952 1310 veri
980 1252 1093 1311 tamen
1117 1244 1252 1315 similius

151 1346 299 1429 videtur,
335 1345 550 1415 scribendum
573 1367 646 1412 esse
667 1345 886 1440 Φλωρεντίᾳ.
946 1345 1162 1436 Quamquam
1184 1349 1253 1417 boc

151 1448 195 1515 ad
216 1472 382 1517 summam
400 1451 476 1518 leve
498 1456 559 1516 est.
610 1446 653 1521 V.
669 1446 703 1515 3.
729 1457 839 1539 primo
852 1457 996 1516 metrum
1016 1450 1169 1519 vitiosum
1193 1462 1253 1539 est,

151 1552 273 1620 deinde
298 1546 500 1646 τελεθούση
529 1551 749 1619 nominativus
775 1563 899 1643 peccat
923 1553 958 1619 in
981 1555 1251 1644 grammaticam.
1314 1562 1324 1570 “

151 1656 254 1741 Quod
281 1658 327 1723 ait
362 1655 579 1743 Welckerus,
615 1703 638 1742 „
646 1653 855 1746 singularis
881 1655 1016 1724 locutio
1043 1665 1099 1725 est
1123 1657 1253 1746 βίοτον

149 1751 395 1855 τελεθούση,“
420 1780 539 1826 verum
552 1767 658 1841 esset,
682 1759 707 1824 si
722 1780 790 1827 non
804 1767 892 1826 esset
910 1782 1067 1827 numerus
1085 1759 1252 1831 adiectus:

150 1885 219 1952 quo
238 1861 355 1930 addito
382 1885 447 1930 non
470 1861 578 1953 magis
602 1861 787 1951 quidquam
810 1862 977 1954 singulare
1004 1863 1038 1930 in
1058 1863 1167 1932 verbis
1188 1865 1252 1933 illis
1311 1927 1318 1935 .

150 1974 216 2052 est,
242 1988 345 2056 quam
369 1965 396 2033 si
418 1963 546 2033 dictum
571 1973 658 2032 esset
679 1963 809 2054 βίοτον
825 1967 1106 2061 τριακονταέτις.
1158 1969 1200 2035 V.
1216 1963 1252 2037 42
1291 2004 1298 2030 f
1338 1969 1342 1977 ’

150 2073 233 2142 ΛΗ
245 2070 387 2155 litteras,
414 2091 501 2157 quae
513 2068 645 2135 inutiles
658 2067 693 2135 iu
709 2067 877 2160 principio
892 2069 1024 2161 positae
1040 2077 1132 2156 sunt,
1153 2071 1252 2139 Wel-

151 2172 271 2240 ckerus
293 2195 336 2241 ex
360 2171 439 2244 CH
454 2172 691 2263 praecedentis
714 2194 830 2240 versus
852 2181 979 2241 temere
1002 2173 1161 2264 repetitas
1183 2197 1251 2266 pu-

150 2284 207 2343 tat
258 2275 306 2343 At
327 2273 614 2365 quemadmodum
636 2273 704 2343 hoc
730 2299 853 2367 parurn
877 2275 1075 2368 probabile,
1102 2277 1149 2345 sic
1169 2277 1272 2346 illud‘

149 2401 187 2446 re
202 2379 395 2470 diligentius
412 2401 560 2470 expensa
573 2379 744 2466 aliquanto
758 2380 829 2446 veri
844 2378 980 2446 similius
997 2378 1140 2477 videtur,
1160 2391 1252 2449 recte

151 2504 186 2549 se
209 2482 337 2551 babere
360 2482 485 2549 litteras
506 2481 601 2570 istas,
623 2489 786 2568 notasque
810 2503 883 2549 esse
907 2480 1038 2548 numeri
1056 2481 1253 2567 XXXVIII:
1316 2494 1319 2499 '

152 2608 219 2674 quo
243 2585 339 2653 simul
359 2584 520 2652 indicium
542 2583 746 2673 continetur,
780 2605 848 2673 qua
867 2584 997 2651 ratione
1022 2583 1251 2654 emendandus
1314 2663 1320 2674 Ι

151 2689 191 2756 sit
206 2688 264 2778 qui
272 2687 455 2780 praecedit
471 2709 605 2756 versus:
629 2708 733 2776 quem
751 2685 896 2777 scriptor
916 2686 1167 2779 epigrammatis
1184 2710 1252 2756 nou

151 2791 350 2860 adseveras
374 2789 513 2880 quidem
534 2790 656 2859 veteris
678 2790 859 2882 prosodiae
879 2780 990 2883 leges,
1024 2787 1085 2857 sed
1114 2789 1159 2858 ad
1184 2814 1253 2859 non
1310 2824 1312 2828 ·

153 2893 433 2966 contemnendum
445 2902 559 2962 umen
574 2893 623 2962 sui
636 2894 711 2961 aevi
728 2916 824 2962 usum
843 2895 890 2962 sic
906 2893 1069 2986 scriptum
1082 2894 1203 2963 voluit:
1305 2962 1310 2968 .

202 3060 298 3139 duco
320 3065 380 3140 iai
404 3060 604 3163 τριάκοντα
632 3056 783 3161 χρόνους
807 3060 936 3157 βίοτον
963 3057 1174 3160 caledonium
1223 3074 1228 3079 “

152 3235 191 3303 V.
220 3232 254 3303 5.
294 3237 494 3306 Welckerus
525 3258 650 3304 novum
682 3233 807 3302 creavit
837 3232 1041 3301 vocabulum
1075 3229 1252 3329 ὅμαρτυς,

152 3360 268 3424 sensu,
300 3349 338 3407 ut
358 3340 432 3428 ait,·
455 3341 628 3432 exigente,
662 3337 757 3428 quod
778 3337 959 3406 formatum
987 3337 1029 3405 sit
1050 3345 1087 3404 ut
1110 3336 1252 3432 ἔπηλυς,

152 3444 290 3538 νεήλυς,
324 3441 558 3539 πολύδακρυς.
619 3444 666 3510 At
688 3441 732 3510 de
762 3462 860 3510 sensu
884 3439 979 3530 quod
1002 3438 1101 3528 dicit,
1134 3440 1253 3532 petitio

152 3545 305 3637 principii
319 3555 385 3615 est:
411 3547 511 3639 fingit
526 3546 632 3630 enim,
659 3543 845 3636 etquidem
863 3545 934 3613 siue
950 3567 1082 3626 caussa,
1108 3565 1252 3630 sensum,

144 3648 209 3738 'qui
230 3648 394 3718 eiusmodi
414 3672 533 3718 vocem
557 3648 716 3740 requirat.
763 3647 911 3716 ¹Deinde
939 3670 1021 3715 vero
1036 3648 1144 3716 etiam
1162 3647 1254 3713 omni
1310 3697 1313 3704 ,

151 3751 328 3844 analogiae
350 3753 516 3821 contraria
531 3763 582 3821 est
600 3776 689 3820 nova
704 3753 762 3820 illa
775 3774 860 3838 vox,
883 3750 1087 3838 minimeque
1105 3749 1254 3817 omnium

151 3857 342 3947 comparari
360 3865 475 3947 potest
497 3878 575 3924 cum
595 3857 658 3924 illis
681 3879 769 3947 quae
785 3856 892 3922 attulit
910 3855 1100 3940 vocabulis,
1122 3853 1156 3920 in
1175 3853 1253 3942 qui-

150 3958 214 4026 bus
229 3985 252 4030 o
266 3959 312 4026 ad
326 3959 434 4050 ipsam
446 3959 596 4028 radicem
605 3961 759 4053 pertinet.
788 3959 943 4026 Graecae
957 3958 1050 4026 vocis
1063 3957 1091 4024 si
1105 3956 1254 4049 speciem

149 4084 234 4153 prae
257 4086 294 4130 se
313 4063 418 4132 ferret
440 4085 507 4131 vox
530 4064 610 4151 ista,
636 4064 784 4131 ultimam
810 4061 976 4152 syllabam
1002 4085 1033 4141 ις
1052 4083 1126 4129 esse
1147 4081 1256 4152 opor-

150 4173 253 4252 teret,
287 4165 379 4233 utin
401 4160 675 4263 Βριτόμαρτις,
710 4166 802 4256 quod
829 4166 964 4235 fuerunt
987 4164 1045 4254 qui
1064 4163 1108 4232 ab
1135 4159 1253 4259 ὁμαρ-

150 4272 228 4351 τεῖν
262 4268 448 4338 derivatum
479 4270 611 4339 vellent.
672 4268 743 4338 Sed
766 4268 870 4339 redeo
898 4268 1117 4353 adsensum,
1151 4289 1254 4356 quem
1361 4324 1363 4329 ⁴

150 4370 202 4439 bis
225 4373 376 4442 versibus
396 4373 510 4443 tribuit
530 4373 739 4445 Welckerus.
800 4371 924 4442 Scribit
946 4372 1008 4441 ita:
1043 4371 1103 4458 „si
1131 4367 1254 4439 Cestio
