2842 4920
158 362 201 424 lo
513 361 571 420 DE
593 357 860 421 Pau'rtcvut
882 351 930 420 δν

82 555 85 560 ’
157 549 392 648 προςέρχετοιι
408 556 484 634 τοῖς
500 550 753 645 δυναμένοις
728 545 796 650 τήν
813 549 900 650 ὕλην
914 546 1031 625 αυτυυ
1018 550 1265 649 ’παραδέοι-ξ

158 665 269 742 σθαι,
302 657 517 779 ἔγραφον
549 654 625 743 ἄν,
665 656 844 750 ἔγραψα
876 652 950 743 ἄν,
983 650 1269 750 ἐγεγράφειν

158 755 230 831 οἶν·
266 754 310 830 ου’
311 754 404 886 μήν
423 759 477 883 15
501 752 662 886 μονίμου
683 757 706 855 5
732 752 907 852 μοοίψω
936 752 980 829 ου’
1001 751 1269 875 μοίρπαοῴχη-

156 889 220 933 ται
229 914 243 948 ,
271 856 320 934 ἵν
334 855 515 958 ε’μχωρήσῃ
530 861 589 934 καὶ
606 859 628 948 5
645 866 682 933 εἰι
701 888 769 933 του
756 856 1025 952 συνδέσμου
1001 859 1185 955 αναίρεσις
1198 862 1269 953 μὲν

156 963 226 1035 τοῦ
248 959 456 1056 γεγονότος,
483 962 675 1055 ἐπαγγελία
693 963 733 1036 δὲ
747 964 816 1036 τοῦ
837 964 1022 1054 ἐσομένου.
1056 961 1116 1036 καὶ
1138 963 1269 1036 ἐντεῦ-

157 1076 227 1139 θεν
247 1066 285 1138 δὲ
310 1061 569 1159 πειθόμεδα’
547 1095 606 1140 οτι
631 1062 676 1139 ου
693 1068 955 1193 παρῳχημένου
975 1068 1184 1140 συντέλειαν
1202 1092 1267 1164 ση-

156 1168 281 1261 μαίνει
303 1167 324 1241 5
345 1168 630 1292 παρακείμενος,
667 1163 734 1267 τήν
769 1163 902 1261 μεμήν
928 1169 1139 1242 ἐνεστῶσαν.
1175 1165 1268 1242 ὅθεν

157 1268 264 1344 οὐδὲν
283 1267 527 1392 δυνησόμενον
547 1275 718 1366 γενέσθαι
737 1274 975 1398 παριδέξμτο,
1001 1298 1061 1343 aar
1053 1265 1138 1344 διοῖ
1152 1271 1267 1344 τοῦτο

156 1369 351 1469 ἀπροσδεής
376 1375 446 1447 τοῦ
475 1373 529 1448 οἷν
563 1377 815 1465 συνδέσμου’
797 1369 965 1466 εμεμόνει.
998 1378 1037 1446 ἐν
1068 1373 1115 1469 τῇ
1142 1377 1269 1447 συνδι-

157 1478 267 1572 σμιιιῇ
284 1471 449 1559 συντάξει
465 1479 715 1572 ἐντελέοτερον
730 1469 781 1549 τα
795 1477 953 1550 τοιαῦτα
971 1478 1161 1550 δέδεικται.
1194 1477 1268 1546 Ae-

155 1602 218 1670 gre
236 1580 375 1669 quidem
397 1603 548 1648 caremus
567 1581 623 1648 illa
638 1581 796 1649 uberiore
813 1580 1039 1671 expositione,
1072 1579 1135 1648 sed
1154 1587 1268 1650 tamen

153 1684 266 1751 velex
280 1683 350 1767 bis,
377 1706 465 1772 quac
480 1683 537 1751 hic
552 1684 661 1751 obiter
677 1683 785 1751 attulit
801 1683 1021 1774 ApolloniuS‚
1048 1684 1163 1775 colligi
1184 1693 1267 1775 pot-

155 1794 224 1874 est,
250 1788 305 1853 alii
327 1810 429 1875 quam
452 1786 602 1854 debebat
618 1785 837 1854 fundamento
851 1785 1110 1877 disputationem
1124 1788 1192 1856 eins
1209 1809 1268 1855 su-

152 1896 376 1980 perstructum
393 1912 476 1958 esse.
526 1885 654 1955 Mirum
671 1889 827 1979 profecto
840 1897 909 1972 est,
936 1889 1037 1957 etiam
1056 1889 1268 1960 doctissimos

154 1991 461 2081 eruditissimosque
497 1992 735 2083 grammaticos
769 2013 1012 2080 saepenumero
1047 2015 1117 2059 non
1150 1993 1267 2082 modo,

153 2093 249 2184 quod
274 2094 430 2162 accidere
455 2094 557 2162 cnivis
581 2103 714 2185 potest,
740 2094 775 2161 in
796 2093 925 2161 ratione
944 2093 1121 2162 reddenda
1143 2117 1266 2183 errare,

153 2195 215 2265 sed
237 2197 337 2264 etiam
358 2205 446 2286 qnae
461 2220 525 2266 usu
542 2196 675 2265 firmata
699 2204 734 2264 et
754 2198 977 2287 comprobata
993 2205 1069 2264 sunt
1088 2198 1143 2264 vel
1164 2197 1266 2289 igno„

152 2322 228 2368 rare
246 2299 372 2386 videri,
397 2302 453 2369 vel
475 2299 597 2369 diserte
614 2309 653 2368 ut
671 2322 779 2392 prava
800 2300 949 2368 reiicere.
1002 2299 1191 2390 Vtrumque
1210 2302 1265 2369 fa-

153 2411 246 2472 ctum
270 2403 423 2472 videmus
446 2404 482 2471 in
503 2402 570 2471 bac
595 2403 831 2496 disputatione.
883 2403 973 2471 Nam
996 2425 1108 2492 neque
1137 2424 1265 2491 caussa,

153 2529 214 2574 cnr
235 2506 406 2598 praesenti
427 2515 462 2576 et
483 2507 597 2576 futuro
621 2507 716 2599 iungi
731 2514 878 2595 nequeat
893 2503 959 2598 ἄν,
984 2516 1077 2574 recte
1100 2508 1267 2599 explicata

118 2685 120 2688 Α
153 2619 204 2678 est
222 2613 266 2679 ab
284 2611 486 2701 Apollonio,
511 2633 624 2699 neque
645 2611 758 2701 ipsum
772 2609 856 2677 illud
870 2631 987 2677 vemm
1002 2617 1071 2697 est,
1095 2633 1164 2678 non
1180 2632 1266 2679 con-

106 2728 113 2739 “
152 2713 272 2781 sociari
289 2714 490 2805 particulam
510 2713 608 2789 istam
628 2712 775 2794 cumbis
793 2713 1024 2802 temporibus,
1050 2712 1265 2803 quandoqui-

152 2814 231 2883 dem
247 2817 398 2885 futurum
413 2817 541 2903 saltem
556 2816 721 2906 inprimis
737 2815 831 2907 apud
844 2815 1049 2902 Homerum,
1058 2836 1160 2906 quem
1176 2840 1264 2908 prae

152 2921 293 2988 caeteris
323 2920 543 3011 scriptoribus
572 2920 726 2988 omnibus
754 2918 966 3011 grammatici
991 2919 1040 2986 illi
1065 2920 1264 3006 tractabant,

151 3024 347 3112 saepissime
367 3023 524 3091 adsciscit
552 3019 609 3095 οἶν.
668 3021 792 3090 Nititur
819 3021 992 3113 Apollonii
1021 3023 1185 3091 sententia
1210 3047 1265 3110 eo,

151 3127 246 3214 quod
263 3125 308 3199 ἄν
323 3128 420 3195 tollat
436 3127 610 3194 veritatem
632 3125 729 3210 facti,
756 3124 926 3213 faciatque
945 3134 982 3194 ut
1003 3124 1085 3214 quid
1097 3149 1166 3195 non
1189 3127 1265 3194 lieri

151 3230 321 3299 factumve
335 3253 427 3318 esse,
454 3229 515 3297 sed
529 3249 629 3319 posse
645 3227 720 3295 fieri
734 3227 911 3317 cogitetur.
962 3229 1062 3295 Nunc
1075 3229 1120 3297 ait
1133 3218 1264 3320 imper-

150 3333 298 3418 fectum,
319 3332 498 3416 aoristum,
523 3328 911 3421 plusquamperfectum,
932 3330 987 3396 vel
1001 3353 1089 3420 quae
1105 3355 1148 3403 ex
1164 3340 1264 3426 parta

151 3435 342 3522 laetasint,
368 3434 423 3502 vel
444 3432 580 3525 pridem
592 3433 683 3499 facta
703 3430 900 3522 designare:
932 3433 1059 3501 idcirco
1078 3434 1118 3501 iis
1140 3457 1264 3505 conve·

151 3538 223 3605 nire
242 3535 298 3609 ἄν.
350 3537 482 3621 Quibus
496 3536 566 3603 hoc
589 3533 723 3603 videtur
740 3533 870 3622 dicere,
895 3537 1105 3627 temporibus
1125 3537 1194 3607 istis
1208 3539 1264 3608 vel

150 3641 284 3732 penitus
303 3641 359 3709 vel
387 3661 429 3708 ex
449 3647 548 3730 parte
563 3638 647 3707 tolli
672 3638 817 3706 factum:
852 3660 941 3727 qnae
963 3639 1052 3707 enim
1077 3640 1169 3708 facta
1190 3642 1263 3728 sint,

149 3745 218 3813 ianr
231 3766 300 3811 non
313 3743 407 3826 fieri3
433 3743 467 3809 in
479 3750 657 3835 praesente
669 3750 782 3809 autem
797 3748 832 3807 et
847 3740 961 3810 futuro
975 3743 1057 3809 nihil
1070 3766 1152 3830 esse,
1166 3745 1263 3834 quod

150 3847 223 3915 tolli
238 3846 362 3937 possitz
388 3867 466 3914 nam
479 3845 573 3934 qnod
585 3847 655 3932 fiat,
678 3866 747 3911 non
761 3843 861 3911 etiam
873 3867 943 3913 non
956 3846 1045 3928 fieri;
1071 3869 1174 3936 qnam
1187 3871 1263 3921 esse

152 3950 252 4017 etiam
274 3950 418 4040 perfecti
441 3950 620 4036 rationem,
646 3948 777 4038 qnippe
790 3946 883 4036 quod
903 3958 1117 4038 pmesentem
1139 3973 1262 4042 aper-

145 4053 242 4140 fecta
262 4075 301 4120 re
322 4061 443 4120 statum
470 4051 611 4134 indicet3
647 4050 740 4139 quod
762 4059 875 4118 autem
896 4051 1046 4119 futurum
1067 4053 1125 4141 sit,
1155 4077 1199 4122 nc
1217 4076 1262 4124 eo

150 4155 290 4244 quidem
308 4155 390 4223 dnm
405 4155 618 4246 pervenisse,
644 4162 682 4222 ut
695 4155 800 4224 fieret.
851 4153 949 4222 llaec
964 4156 1115 4244 quamvis
1129 4157 1260 4225 subtili-

150 4269 203 4326 ter
226 4258 504 4350 sinodisputata‚
530 4267 664 4345 tamen,
698 4257 858 4347 quoniam
886 4257 1162 4348 fundamentum,
1188 4282 1260 4350 quo

150 4363 319 4453 nituntur,
345 4361 593 4455 angustioribus
608 4370 659 4432 est
678 4383 783 4452 quam
802 4369 1001 4455 oportuerat
1015 4362 1173 4433 limitibus
1191 4364 1259 4440 cir-
