2842 4920
34 376 38 384 '
154 370 196 433 14
501 362 558 425 DE
580 360 857 425 Pauutcvna
878 356 925 426 dr

153 556 393 653 particularum
422 577 499 627 eam
527 554 663 624 videam
689 552 854 621 rationem
883 552 1063 621 tenendam
1092 576 1184 641 esse,
1220 564 1269 645 ut,

154 683 389 752 quaecumque
403 681 520 727 earum
535 658 737 726 constructio
753 656 807 746 sit,
828 658 923 726 verbi
937 667 1067 749 parteS,
1093 658 1186 746 quod
1204 659 1269 726 ad·

152 767 303 833 iunctum
316 762 455 849 habeut,
471 762 633 854 deinceps
647 780 845 853 persequar,
867 770 980 828 tomen
995 760 1165 828 interdum
1181 785 1268 846 eam,

154 891 242 958 quae
258 890 339 936 rere
355 865 558 934 constructio
581 873 652 953 est,
670 862 714 931 ab
734 865 811 954 illa,
836 887 925 956 quae
940 863 1072 933 videtur
1087 886 1181 954 esse,
1207 866 1269 935 sed

153 995 222 1041 non
238 979 306 1064 est,
333 969 539 1064 distinguere
554 968 735 1064 oportebit

686 1176 729 1248 V.

252 1312 681 1383 Grammaticorum
715 1313 772 1382 de
806 1311 1166 1382 constructione

587 1432 838 1506 sententia.

257 1578 565 1657 Grammaticorum
586 1610 675 1679 quae
697 1589 799 1658 fucrit
821 1586 867 1655 de
888 1586 1137 1656 constructione
1158 1586 1267 1676 parti-

153 1688 253 1757 culae
265 1684 312 1760 dv
328 1691 509 1780 sententia,
535 1694 665 1783 optime
680 1691 842 1784 cognosci
861 1700 975 1783 potest
996 1713 1015 1758 e
1038 1689 1202 1781 scriptore
1222 1689 1267 1756 de

152 1792 285 1883 syntaxi
302 1794 336 1859 in
348 1793 499 1861 Bekkeri
513 1793 709 1880 Anecdotis,
737 1796 795 1883 qui
810 1795 901 1861 illam
919 1793 1105 1861 doctrinam
1120 1793 1266 1860 omnium

151 1894 344 1986 plenissime
362 1895 524 1987 exposuit.
577 1896 660 1964 Eius
678 1898 784 1964 verba
797 1896 884 1963 infra
897 1897 963 1963 suis
975 1896 1057 1964 locis
1073 1893 1265 1963 afferentur.

152 1996 220 2066 Hic
229 1998 305 2066 satis
315 2008 365 2065 est
371 1998 500 2089 pauciS,
515 1998 598 2087 quid
607 2000 654 2067 illi
662 1999 815 2089 sentiant,
831 1998 1021 2090 complecti.
1051 1997 1157 2065 Aede
1168 2000 1266 2087 quin-

151 2123 221 2190 que
245 2100 303 2189 qui
326 2109 470 2192 excepto
498 2103 677 2194 participio
702 2112 918 2169 numerantur
946 2100 1130 2167 verborum
1157 2101 1266 2170 modis

152 2203 263 2272 solum
294 2203 531 2293 imperativum
560 2214 688 2298 negant
713 2205 812 2272 istam
839 2203 1041 2297 particulam
1070 2201 1265 2288 admittere3

153 2328 232 2373 cum
264 2307 404 2374 caeteris
432 2315 648 2376 autemeam
670 2308 827 2376 omnibus
855 2307 1001 2374 construi
1027 2305 1127 2376 aiunt
1179 2305 1267 2374 ltem

151 2409 362 2501 temporibus
376 2409 514 2502 adiungi
527 2411 698 2480 affirmant
721 2410 893 2495 omnibuS‚
918 2411 1067 2500 exceptis
1086 2419 1266 2502 praesente

153 2521 188 2581 et
214 2513 371 2605 perlecto
394 2522 428 2582 et
459 2514 585 2584 futuro.
637 2514 808 2585 Infinitivis
841 2513 924 2581 addi
952 2513 1069 2581 dicunt
1094 2512 1265 2597 omnibus3

151 2617 235 2685 item
254 2617 453 2709 participiis.

256 2719 353 2788 Haec
369 2743 492 2789 verane
512 2743 557 2789 an
575 2720 738 2789 nonsatis
759 2727 916 2788 accurate
934 2718 1123 2811 dictasint,
1149 2720 1266 2809 quaeri

151 2831 265 2915 potest
282 2821 414 2891 duobus
432 2823 562 2906 modis3
588 2846 673 2909 uno,
699 2823 758 2913 qui
772 2824 997 2916 experientiae
1014 2824 1265 2914 exemplorum-

152 2949 221 3016 que
240 2926 363 2994 finibus
384 2926 589 3014 continetur,
615 2927 672 3016 qui
691 2950 755 3018 per
776 2950 812 2994 se
832 2948 952 2995 caecus
975 2935 1040 3013 est,
1066 2928 1265 3018 praesertim

151 3030 186 3098 iu
202 3039 295 3097 tanta
312 3029 521 3098 dissensione
536 3029 710 3112 codicum;
731 3030 849 3118 altero,
863 3030 922 3121 qui
935 3032 969 3097 in
985 3031 1172 3120 particulae
1185 3053 1264 3099 ver-

150 3133 255 3224 bique
269 3132 450 3201 modorum
464 3157 505 3201 ac
518 3142 712 3224 temporum
728 3142 846 3200 natura
859 3133 1120 3226 pervestiganda
1135 3142 1184 3201 est
1196 3156 1263 3225 po-

152 3238 250 3324 situs,
277 3237 336 3325 qui
351 3246 401 3305 cst
421 3236 465 3304 ad
481 3236 735 3326 intelligentiam
753 3235 801 3302 rei
817 3236 953 3323 quidem
971 3238 1176 3328 aptissimus,
1202 3237 1264 3304 sed

150 3348 282 3427 tamen,
308 3339 371 3405 nisi
385 3360 447 3405 usu
465 3338 695 3428 exemplisque
711 3339 966 3429 comprobetur,
992 3362 1061 3407 non
1076 3340 1157 3407 lacit
1173 3343 1260 3409 satis

153 3440 319 3509 Convenit
340 3463 422 3508 vero
449 3442 492 3507 ab
515 3439 583 3507 hoc
604 3441 718 3508 lacere
737 3441 881 3528 initium,
919 3450 957 3509 ut
982 3443 1041 3511 ubi
1068 3444 1263 3535 apparuerit

151 3544 234 3633 quid
254 3543 361 3634 possit
379 3543 461 3630 dici,
489 3542 612 3629 deinde
628 3553 825 3634 quaeratur,
852 3544 933 3634 quid
956 3546 1022 3613 dici
1045 3549 1262 3618 consueverit.

150 3648 205 3718 Ac
227 3647 442 3715 ratiocinetur
467 3648 540 3735 quis
563 3648 610 3715 ita
628 3648 790 3716 fortasse:
826 3649 985 3736 quoniam
1005 3649 1182 3739 infinitivus
1195 3673 1262 3718 nu-

152 3749 233 3817 dam
255 3749 350 3817 verbi
375 3750 545 3817 notionem
574 3751 761 3837 contineat,
799 3773 1007 3841 consequens
1033 3776 1126 3838 esse,
1152 3762 1209 3841 ut,
1234 3754 1263 3821 si
1293 3826 1295 3831 ,

152 3875 230 3920 cum
243 3852 403 3920 infinitivo
420 3862 630 3921 construatur
644 3855 808 3945 particula
831 3856 906 3941 illa,
926 3857 1074 3924 construi
1087 3858 1194 3947 possit
1209 3864 1263 3923 et·

151 3956 219 4022 iam
235 3978 314 4023 cum
331 3957 470 4024 caeteris
486 3957 580 4025 verbi
593 3958 709 4025 formis
724 3958 898 4042 omnibus3
924 3960 1023 4048 item,
1044 3961 1070 4027 si
1082 3959 1261 4028 infinitivus

144 4059 301 4127 ¹omnium
314 4069 507 4150 temporum
520 4059 712 4148 adiicietur,
739 4070 776 4128 ut
789 4063 898 4154 possit
916 4063 1015 4131 etiam
1031 4087 1109 4132 cum
1122 4072 1261 4155 tempo-

149 4185 226 4229 rum
238 4162 387 4230 omnium
400 4161 582 4230 indicativis
594 4164 758 4256 coniungi.
780 4166 827 4234 At
839 4164 1001 4235 haeonon
1013 4176 1106 4234 recte
1122 4168 1262 4235 conclu-

150 4287 188 4332 sa
202 4266 291 4333 foret
302 4266 398 4332 ratio.
416 4267 505 4333 Nam
519 4268 576 4333 illa
589 4267 739 4334 infinitivi
754 4270 955 4338 constructio
971 4271 1097 4360 ubique
1114 4279 1165 4337 est
1181 4294 1261 4339 ora-

20 4462 22 4468 ·
150 4369 250 4438 tionis
258 4370 441 4460 obliquae,
466 4393 577 4463 neque
594 4372 708 4443 locum
724 4370 847 4463 habet,
872 4373 936 4444 nisi
948 4373 1007 4443 ubi
1022 4373 1056 4442 in
1071 4382 1165 4443 recta
1180 4397 1260 4443 ora-
