2842 4920
346 347 356 354 ’
465 354 948 421 o1ssnsnru10.
1132 365 1264 430 ιιι
1373 337 1381 350 ''

153 555 244 616 tasse
263 543 354 615 hacc
368 545 475 615 rerba
495 553 574 615 sunt
591 545 637 613 ab
658 546 747 632 alio,
772 569 876 638 quam
893 546 952 636 qui
970 547 1139 638 reliquom
1154 551 1264 620 adno-

154 649 318 719 tationem
331 648 377 717 ad
391 649 492 718 istum
501 649 617 718 locum
633 650 781 742 scripsit:
807 651 930 719 desunt
945 651 1035 719 enim
1052 652 1193 722 inbono
1209 664 1265 724 at-

154 775 223 844 que
239 753 381 844 antiquo
395 751 532 822 codices
558 751 629 821 aliis
646 752 680 820 in
702 753 795 822 libris
810 761 983 847 postrema
997 762 1144 843 mutum,
1171 753 1262 854 irrep
1346 768 1352 775 '

155 855 328 952 ἐμφαίνει
341 849 541 946 Αἰσχύλος,
567 863 645 923 sunt
656 855 791 925 omissa.
841 859 920 925 lton
932 858 1156 946 intercedam,
1183 861 1264 949 quia

153 959 243 1028 baec
266 958 390 1055 ueteris
411 967 446 1028 et
468 957 560 1047 docti
578 960 789 1051 grammatici
808 958 980 1028 adnotatio
1002 983 1076 1047 esse
1096 962 1262 1050 credatur,

154 1085 219 1130 nec
238 1060 422 1150 dubitabo,
448 1059 583 1130 dicetne
596 1053 643 1134 ad
657 1061 734 1158 ἑξῆς
749 1060 870 1156 δρᾶμα
885 1063 981 1153 quod
1000 1064 1035 1132 in
1054 1064 1188 1158 trilogia
1201 1091 1261 1137 ea-

154 1165 249 1254 dem,
274 1187 316 1232 an
329 1163 424 1255 quod
437 1165 471 1232 in
487 1165 606 1232 codice
619 1186 680 1232 suo
692 1167 884 1257 proximum
898 1167 955 1235 sit:
980 1189 1097 1236 verum
1112 1169 1196 1237 illud
1207 1180 1261 1238 ta-

152 1291 234 1336 men
252 1268 365 1336 nescio
380 1291 424 1334 an
439 1267 533 1348 haud
550 1266 628 1337 satis
645 1278 774 1337 certum
789 1269 848 1357 sit,
875 1269 1015 1337 aliorum
1035 1293 1112 1340 eum
1128 1274 1260 1342 testium

153 1371 224 1439 fide
242 1369 309 1438 hoc
324 1371 507 1462 scripsisse,
533 1378 568 1440 et
584 1393 651 1449 nou
661 1393 721 1439 sua
738 1370 885 1460 quadam
901 1373 1095 1442 coniectura
1110 1375 1260 1459 ductum,

152 1473 314 1564 quoniam
342 1482 500 1565 poetam,
522 1482 559 1541 ut
579 1473 642 1562 ait,
663 1473 701 1541 id
722 1472 870 1544 indicare
889 1477 1091 1567 opinaretur.
1145 1479 1261 1564 Quare

153 1578 216 1646 etsi
235 1577 369 1645 minime
380 1576 598 1644 reiiciendam
619 1578 688 1644 eius
711 1577 941 1645 auctoritatem
962 1579 1122 1666 arbitror,
1146 1589 1259 1651 tamen

153 1681 185 1750 ei
205 1703 275 1747 non
289 1688 419 1747 tantum
438 1679 628 1763 tribuerim,
655 1687 692 1746 ut
707 1679 906 1748 dubitationi
927 1702 995 1749 nou
1013 1691 1131 1773 putem
1146 1674 1259 1754 lcc'um

152 1784 305 1852 relictum
320 1806 411 1864 esse,
438 1805 542 1873 quum
558 1783 757 1874 praesertim
770 1783 957 1852 scholiastis
974 1784 1038 1852 illis
1055 1784 1143 1854 adeo
1156 1786 1257 1879 ignc-
1362 1840 1366 1851 ,

151 1897 227 1955 tum
251 1887 353 1954 fuisse
375 1882 531 1954 Solutum
556 1885 796 1956 Prometheum
819 1882 971 1972 videam,
997 1896 1092 1957 utne
1116 1889 1161 1956 ad
1179 1914 1258 1959 ver-

152 2012 229 2058 sum
244 1988 383 2080 quidem
398 1986 509 2059 loto.
525 1989 585 2058 ubi
600 1991 744 2058 maxime
760 1999 945 2083 exspectes,
972 1990 1016 2060 de
1030 1991 1180 2061 Chirone
1196 1994 1259 2062 ali-
1331 2069 1332 2072 ,

152 2092 237 2184 quid
256 2116 293 2162 se
306 2089 505 2161 inaudivisse
518 2090 676 2186 prodant.
1215 2121 1217 2125 ⁴

257 2195 482 2265 Scholiastam
496 2197 523 2265 si
537 2197 673 2264 missurn
689 2195 841 2282 facimus,
867 2205 943 2264 sunt
964 2197 1144 2288 quaedam,
1170 2221 1258 2290 quae

152 2298 296 2368 suadere
311 2299 505 2384 videantur,
532 2308 569 2367 ut
587 2299 742 2369 Solutum
754 2300 1002 2380 Prometheum
1024 2324 1092 2369 uon
1114 2304 1258 2371 coniun-

151 2411 245 2470 ctum
268 2424 346 2471 cum
368 2402 491 2471 llinctc
513 2402 615 2472 fuisse
639 2403 863 2470 coniiciamus.
915 2403 1047 2471 Eorum
1070 2427 1173 2473 unum
1197 2415 1257 2486 est,
1287 2412 1297 2430 ‘

150 2493 274 2594 idque,
298 2514 337 2574 ut
352 2504 433 2573 mihi
451 2504 588 2595 quidem
601 2504 751 2591 videtur,
777 2525 847 2570 non
860 2505 936 2573 leve
954 2505 1161 2596 putandum,
1189 2531 1259 2597 quo

150 2630 208 2676 me
222 2608 289 2676 iam
305 2609 340 2677 in
362 2607 591 2678 ‹hssertatione
609 2607 686 2694 illa,
712 2616 864 2696 quaeest
882 2606 926 2674 de
943 2609 1188 2698 compositione
1204 2618 1257 2678 te·
1335 2673 1339 2679 ,

150 2712 388 2804 tralegiarum,
413 2733 480 2780 non
498 2711 713 2780 mediocriter
736 2721 942 2779 commotum
966 2734 1040 2779 esse
1061 2712 1256 2803 significavi.

150 2816 241 2884 Nam
259 2837 365 2905 quum
385 2815 457 2882 ueri
478 2815 680 2883 simillimum
703 2814 761 2895 sit,
794 2813 827 2883 in
846 2815 985 2906 trilogiis
1010 2815 1193 2884 condendis
1222 2817 1258 2884 id

151 2919 357 3010 spectavisse
383 2927 520 3009 poetas,
551 2928 590 2985 ut
610 2918 684 3008 ipsa
706 2914 893 2984 inventione
916 2918 1002 2985 inter
1023 2941 1062 2985 se
1081 2918 1260 2988 dissimiles

150 3029 263 3090 essent
275 3021 423 3108 fabulae,
449 3019 518 3090 duo
532 3021 579 3088 illi
592 3017 797 3103 Promethei,
823 3027 983 3107 quantum
998 3021 1159 3111 colligere
1173 3045 1257 3113 pos-

151 3134 404 3212 sumus,'·tauta
421 3124 558 3194 fuerunt
581 3121 811 3197 similitudine,
837 3121 947 3189 utrix
967 3131 1143 3213 appareat,
1168 3145 1256 3213 quo·

149 3227 257 3296 modo
270 3228 456 3296 consociari
469 3227 540 3295 sine
555 3225 702 3316 quadam
715 3222 902 3294 offensione
914 3225 1093 3317 potuerint
1120 3225 1256 3294 Etenim

150 3338 188 3398 ut
199 3330 312 3400 vincti
324 3331 470 3399 maxima
482 3329 736 3422 propemodum
749 3351 829 3419 pars
847 3328 1088 3420 descriptiones
1102 3328 1258 3398 locorum

149 3433 415 3526 regionumque,
442 3456 526 3523 quas
549 3433 589 3501 lo
606 3434 663 3501 vel
686 3433 936 3524 peragraverit,
962 3430 1018 3500 vel
1040 3431 1186 3524 posthac
1215 3436 1258 3503 sit

149 3545 397 3629 pervagatum,
423 3537 593 3622 continet,
619 3537 668 3604 sic
689 3536 727 3603 in
747 3533 870 3610 Soluto
886 3534 1018 3625 prolixe
1038 3533 1082 3602 de
1098 3534 1257 3606 Herculis

150 3639 418 3732 expeditionibus
443 3639 630 3733 expositum
661 3661 737 3706 esse
763 3645 876 3729 patet,
911 3638 945 3705 in
967 3647 1111 3726 utroque
1142 3647 1256 3707 autem

150 3743 251 3812 etiam
264 3735 310 3811 de
324 3743 485 3830 inventis,
510 3743 630 3832 quibus
651 3738 874 3810 Prometheus
888 3741 988 3808 vitam
1001 3739 1178 3809 hominum
1190 3741 1257 3811 ad-

148 3845 303 3933 iuvisset,
336 3846 476 3940 copiose
500 3845 563 3915 fnit
592 3844 806 3936 explicatum.
858 3842 957 3935 Quae
986 3843 1190 3914 narrationes
1217 3856 1256 3915 ut
1325 3891 1328 3897 ·

149 3948 206 4017 vel
223 3948 368 4018 maxime
384 3949 512 4018 animos
532 3946 736 4017 audientium
750 3946 923 4030 retineant,
948 3965 1128 4034 rerumque
1144 3947 1255 4022 admi,-

149 4051 305 4123 rabilium
327 4053 473 4121 novitate
493 4052 683 4133 oblectent,
708 4058 822 4117 tamen
837 4070 901 4142 per
913 4047 998 4116 duas
1021 4047 1152 4118 fabulas
1171 4075 1255 4122 con-

149 4154 297 4223 tinuatae
310 4157 433 4224 mirum
448 4156 482 4224 ni
496 4154 622 4244 ahquid
634 4153 790 4222 satietatis
805 4150 928 4219 afferre
945 4150 1131 4220 debuerint

252 4257 386 4327 Deinde
408 4259 470 4327 etsi
492 4258 628 4326 minime
647 4277 785 4325 necesse
810 4263 862 4323 est
875 4255 1036 4345 temporis
1054 4256 1256 4325 continuita-
1381 4309 1385 4316 .

149 4368 220 4430 tum
233 4360 269 4432 in
285 4361 469 4455 tragoediis
482 4383 595 4432 rerum
613 4357 729 4432 ordine
744 4356 1000 4432 cohaerentibus
1016 4359 1174 4450 spectari,
1202 4370 1258 4427 ta-
1348 4363 1351 4368 “
