2842 4920
474 367 946 432 DISSERTATIO.
1096 455 1101 476 Ι
1200 373 1262 437 tol

151 563 235 632 nihil
253 561 344 629 enirn
362 582 430 628 non
455 560 610 630 creditur.
663 559 735 628 Sed
750 562 808 650 qui
830 582 896 628 uon
911 560 1068 647 credent,
1095 585 1136 631 eo
1154 565 1262 655 magis

152 691 235 735 vera
249 665 365 734 dicere
381 663 647 732 Demosthenem
664 666 858 750 censebunt,
876 664 969 754 quod
988 665 1154 758 ademptis
1173 667 1261 734 iudi-

151 772 210 838 ciis
229 768 428 860 capitalibus
436 768 638 859 Areopagus
653 767 696 835 de
713 771 900 861 Areopago
915 778 1002 836 esset
1019 771 1179 838 sublatus.
1205 770 1261 855 At,

150 874 321 962 inquiunt,
353 880 471 962 aperte
493 880 661 963 repugnat
684 871 904 940 Demostheni
929 872 1068 962 Lysiae,
1094 872 1262 941 redditam

150 980 342 1067 Areopago
373 998 434 1042 sua
456 983 565 1042 aetate
589 983 790 1066 potestatem
815 976 906 1042 iiiam
929 976 1117 1043 testificans.
1152 976 1262 1043 Miror

151 1103 220 1173 ego
235 1078 393 1169 quidem,
417 1077 517 1146 huius
533 1079 638 1145 verba
650 1078 749 1145 etiam
763 1078 1091 1147 Forchhammerum
1104 1081 1151 1147 ita
1165 1102 1261 1146 com-

150 1185 308 1264 movisse,
335 1191 373 1249 ut
401 1193 435 1248 et
462 1181 506 1249 de
531 1181 696 1273 scriptura
720 1181 889 1249 dubitaret
911 1193 946 1249 et
976 1206 1032 1250 eas
1065 1182 1262 1251 admoveret

151 1285 337 1369 machinas,
365 1309 448 1374 quas
474 1307 543 1352 non
566 1284 633 1352 fert
654 1308 733 1353 usus
756 1285 899 1356 dicendi.
932 1287 1054 1375 Neque
1076 1286 1128 1354 his
1150 1309 1261 1375 neque

151 1391 222 1459 aliis
255 1389 417 1456 machinis
454 1410 550 1480 opus.
603 1391 692 1455 Nam
726 1389 846 1456 eadem
874 1390 949 1480 ipsa
979 1390 1102 1471 verba,
1140 1389 1261 1479 quibus

151 1494 357 1561 contrarium
390 1514 491 1581 quam
518 1492 764 1560 Demosthenes
799 1493 912 1559 testari
940 1493 1027 1560 visus
1054 1501 1104 1561 est
1130 1493 1260 1583 Lysias,

151 1597 179 1666 si
203 1597 299 1664 aliter
322 1596 555 1687 interpretare,
582 1604 711 1662 tantum
737 1596 833 1662 abest
856 1604 892 1662 ut
917 1605 1109 1688 repugnent
1131 1596 1260 1663 Demo-

149 1699 280 1768 sthenis
315 1698 426 1785 dicto,
464 1707 502 1765 ut
534 1698 570 1764 id
604 1700 704 1765 etiam
738 1698 947 1772 confirment.
1000 1699 1156 1767 Recitata
1182 1700 1260 1790 lege

151 1826 194 1872 ex
219 1802 340 1870 tabulis
374 1802 567 1893 Areopagi,
602 1825 640 1892 p
668 1800 729 1882 94,
767 1801 827 1868 31.
861 1803 921 1894 (p
948 1801 1008 1869 31.
1037 1802 1089 1870 ed.
1116 1802 1259 1893 Reisk.)

150 1909 198 1975 ita
223 1906 388 2031 quuitur:
424 1899 597 1992 α’κουετε,
625 1934 652 1976 ω
680 1903 827 2027 ανδρες,
858 1902 917 1978 ὅτι
946 1900 1048 1998 αὐτῷ
1073 1904 1126 1999 τῷ
1152 1908 1259 1977 δικα-

151 2007 310 2137 ocqpip.
321 2009 374 2101 τῷ
404 2013 440 2089 ἐξ
471 2003 620 2102 Ἀρείου
653 2000 796 2099 πάγου,
838 2004 867 2101 ᾦ
901 2009 962 2080 καὶ
995 2001 1153 2102 πάτριόν
1180 2012 1259 2080 ἐστι
1325 2036 1329 2047 ·

150 2111 210 2184 καὶ
237 2108 300 2204 ἐφ
327 2109 429 2201 ὑμῶν
456 2107 680 2183 ανεοδέδοται
698 2110 767 2181 τοῦ
791 2105 908 2205 φόνου
935 2103 1001 2191 ταῖς
1028 2110 1125 2190 δίκας
1152 2103 1259 2183 δικα-

151 2225 243 2303 ζιικ,
265 2211 468 2342 daap’p‘q'dqu
495 2216 636 2337 εἴρηται
662 2214 799 2284 τοῦτον
818 2241 869 2309 μη
888 2208 1170 2304 καταγινώσκειν
1190 2206 1261 2336 φό-

150 2344 230 2404 νου,
258 2316 297 2398 ὃς
323 2316 369 2388 ἄν
393 2317 450 2389 ἐπὶ
473 2310 636 2438 δάμαρτι
658 2316 704 2405 τῆ
722 2316 859 2389 ἑαυτοῦ
879 2344 1013 2406 μοιχον
1029 2309 1151 2408 tofles
1169 2309 1260 2388 ‘cuai-

150 2448 216 2519 την
243 2415 310 2513 τήν
337 2420 519 2512 τιμωρίαν
548 2412 754 2514 ποιήσηται
807 2421 1017 2511 Ambiguum
1042 2419 1184 2501 verbum
1211 2429 1262 2487 est

152 2520 375 2595 αἀοδέδοται
387 2577 399 2608 ,
428 2521 522 2611 quod
545 2531 579 2589 et
604 2520 794 2590 redditam
819 2531 875 2589 est
896 2523 1079 2612 significat,
1106 2531 1140 2588 et
1166 2521 1260 2609 quod

150 2627 299 2694 Romani
317 2626 396 2692 iuris
423 2625 564 2693 consulti
592 2624 705 2691 dicunt
733 2623 910 2716 competit.
960 2624 1045 2692 Vtro
1072 2623 1261 2715 significatu

151 2729 282 2797 dictum
311 2738 416 2809 esset,
456 2730 531 2796 ilios
559 2728 617 2817 qui
646 2726 826 2795 audiebant
859 2736 1029 2797 oratorem
1056 2727 1161 2795 latere
1179 2734 1261 2794 'nou
1352 2721 1360 2728 ’

151 2833 280 2924 potuit:
313 2832 410 2899 uobis
436 2854 519 2899 vero
540 2832 735 2923 ambiguum
759 2831 909 2901 videatur
934 2855 1073 2900 necesse
1101 2840 1170 2916 est,
1203 2832 1260 2921 qui

150 2959 220 3005 uon
235 2936 390 3021 sciamus,
405 2937 466 3003 scd
487 2956 699 3025 quaeramus,
715 2943 895 3025 ereptaene
916 2937 993 3003 illae
1010 2957 1145 3024 quoque
1162 2958 1260 3002 caus-
1278 2920 1300 2951 ⁸

152 3063 209 3108 sae
224 3038 416 3128 >aliquando
443 3039 691 3130 Areopagoet
717 3047 794 3128 post
818 3037 971 3105 redditae
998 3039 1072 3123 sint,
1099 3060 1142 3104 au
1164 3060 1259 3104 num·

151 3165 255 3231 quam
281 3151 429 3232 creptae.
482 3141 575 3225 Quid
601 3141 664 3208 fuit
688 3141 806 3232 igitur,
839 3164 899 3206 cur
924 3141 1030 3207 altera
1056 3139 1258 3229 interpreta-

151 3247 199 3313 tio
220 3234 440 3336 accipcretur,
469 3246 573 3312 altera
598 3244 700 3336 plane
720 3245 937 3312 reiiceretur?
964 3246 1041 3311 Non
1068 3242 1172 3309 estid
1192 3244 1258 3310 ob-
1337 3252 1340 3258 '

152 3370 299 3420 scurum.
351 3350 442 3416 Nam
460 3348 486 3415 si
504 3370 691 3436 numquam¹
714 3348 826 3416 caedis
849 3347 971 3415 iudicia
997 3346 1157 3437 adempta
1183 3356 1260 3414 sunt

152 3452 358 3543 Areopago,
393 3451 527 3542 ineptus
547 3452 700 3518 rideatur
725 3474 862 3520 neccsse
889 3461 939 3520 est
966 3460 1094 3533 orator,
1120 3452 1180 3538 qui
1206 3450 1260 3517 di-

154 3564 210 3621 cat
240 3554 318 3621 istas
353 3555 562 3646 cognitiones
593 3565 628 3622 et
658 3555 782 3645 patrias
818 3555 849 3622 ei
881 3579 954 3627 esse
990 3562 1024 3624 et
1057 3574 1118 3620 sua
1135 3563 1260 3621 aetate

155 3669 369 3750 competere,
403 3657 497 3745 quasi
524 3657 670 3725 dubitari
703 3659 825 3749 possit,
862 3682 926 3741 an,
961 3659 989 3726 si
1015 3657 1051 3725 id
1077 3678 1260 3744 numquam

153 3783 221 3827 non
243 3761 315 3843 tuit,
341 3783 431 3828 nunc
456 3782 526 3835 non
551 3763 603 3833 sit.
641 3759 804 3829 Concedo
831 3785 897 3829 non
917 3783 1021 3852 posse
1047 3760 1182 3826 nonita
1207 3759 1259 3825 vi-

154 3862 238 3954 deri,
265 3866 376 3955 primo
403 3864 540 3952 quidem
567 3864 740 3954 adspectu.
774 3863 847 3933 Sed
872 3865 1065 3931 accuratius·
1083 3884 1156 3928 rem
1176 3884 1260 3929 con-

152 3966 312 4042 sideranti
339 3989 435 4034 secus
462 3990 535 4036 esse
561 3966 749 4059 apparebit.
782 3966 945 4035 Defendit
956 3968 1001 4034 'se
1018 3966 1058 4050 is,
1082 3965 1140 4055 qui
1159 3966 1259 4033 adul—

153 4078 263 4138 terum
288 4070 518 4159 interfecerat,
559 4072 639 4163 lege
672 4071 857 4162 Areopagi.
909 4069 1000 4137 Illius
1031 4068 1134 4160 igitur
1164 4071 1250 4160 legis
1261 4067 1309 4136 19

154 4183 280 4263 quanta
302 4173 426 4241 debeat
452 4175 631 4241 auctoritas
658 4195 731 4240 esse
759 4182 797 4239 ut
823 4172 995 4259 ostendat,
1036 4173 1259 4264 Areopagum
1324 4173 1325 4176 ’
1380 4226 1386 4236 .

153 4276 250 4344 illud
265 4299 337 4346 esse
363 4276 523 4344 iudicium
550 4276 647 4359 dicit,
689 4275 743 4342 cui
778 4285 812 4343 et
845 4276 991 4369 patrium
1017 4277 1059 4344 sit
1084 4274 1128 4343 de
1155 4274 1259 4343 caede

152 4379 320 4466 iudicare,
361 4389 395 4447 et
427 4403 516 4448 nunc
550 4401 687 4470 quoque
717 4401 758 4446 ea
782 4388 930 4471 potestas
953 4386 1134 4471 competat.
1189 4377 1259 4445 Cur
