2842 4920
213 362 256 423 1v
566 365 963 437 PRAEFATIO.

26 612 35 619 .
116 570 119 575 ·
163 555 166 561 ’
214 574 274 623 nes
312 555 348 624 in
389 579 492 628 unum
531 560 724 636 coniunctos
764 529 927 635 rationem
959 563 1155 656 triquetram
1186 563 1314 634 habere

216 690 407 788 crederem,
438 697 536 767 sliam
561 700 817 792 explicationem
844 702 1039 793 admittere,
1073 704 1115 792 si,
1142 700 1234 793 quod
1260 703 1314 770 di-

215 825 262 897 olt
285 832 444 926 scriptor,

867 1005 955 1081 orire
973 1001 1179 1103 προςόνπων

378 1133 583 1234 ἅλλοχρόων
602 1137 768 1239 παύρων,
796 1139 880 1216 οὔτ’
895 1145 1200 1238 ἐπιλειπομένων,

216 1339 265 1408 sic
290 1340 492 1434 accipiatur,
526 1353 563 1413 ut
597 1345 878 1438 ἐπιλειπομένων
910 1369 979 1415 non
1001 1347 1047 1414 ad
1073 1347 1195 1415 diversi
1221 1347 1317 1415 colo-

215 1477 261 1547 ris
286 1487 419 1572 tauros,
451 1482 473 1551 i.
501 1504 532 1556 e,
559 1480 603 1549 ad
629 1481 724 1550 albos
751 1489 785 1551 et
806 1481 939 1574 nigros,
972 1484 1033 1552 sed
1068 1484 1114 1551 ad
1147 1484 1236 1551 solos
1259 1505 1317 1551 eos

215 1636 340 1707 greges
370 1617 471 1706 duos,
504 1641 589 1708 quos
621 1618 821 1706 triquetrum
847 1619 985 1688 efficere
1013 1619 1161 1709 dixerat,
1187 1621 1318 1689 refera-

214 1758 278 1818 tur.
329 1753 454 1823 Durior
480 1753 617 1841 quidem
633 1753 719 1821 haec
738 1756 940 1822 constructio
966 1764 1033 1843 est,
1060 1757 1121 1825 sed
1146 1766 1259 1826 tamen
1286 1765 1320 1825 et

215 1887 296 1955 ferri
321 1895 453 1978 potest,
488 1897 523 1958 et
553 1886 808 1956 commendatur
840 1898 912 1958 tum
945 1912 1004 1978 eo,
1042 1893 1136 1980 quod
1170 1894 1217 1961 sic
1250 1916 1319 1962 non

216 2045 304 2115 opus
331 2032 380 2092 est
397 2025 582 2116 scripturae
608 2027 807 2109 mutatione,
830 2035 903 2094 tum
923 2027 1196 2118 interpretatione
1217 2028 1320 2095 scho-

215 2161 349 2249 liastae,
384 2169 475 2249 tum,
514 2162 608 2251 quod
642 2184 686 2233 eo
719 2162 824 2232 modo
866 2185 936 2232 uon
978 2140 1188 2231 desideratur
1220 2130 1319 2232 ullius

216 2297 321 2392 partis
357 2306 514 2387 accurata
547 2298 741 2390 descriptio.
791 2300 880 2367 Illud
909 2321 991 2368 vero
1026 2321 1096 2369 non
1122 2301 1319 2390 concedam,

219 2435 370 2503 consulto
402 2436 640 2506 obscuritatem
672 2435 872 2528 quaesivisse
903 2436 1161 2526 Archimedem,
1198 2446 1237 2505 ut
1260 2462 1320 2506 ae·-

218 2573 367 2665 nigmata
403 2573 498 2664 loqui
528 2575 740 2643 oraculorum
783 2596 886 2643 more>
911 2572 1097 2643 videretur:
1130 2574 1320 2664 vellemque

218 2709 269 2778 vir
295 2710 503 2778 doctissimus
526 2676 625 2779 etiarn
659 2711 867 2780 coniecturas
900 2711 1079 2798 omisisset,
1114 2732 1199 2798 quas
1231 2711 1322 2777 mul-

218 2854 270 2914 tas
295 2847 330 2914 in
360 2846 509 2919 medium
535 2851 658 2937 attulit,
685 2857 725 2917 ut
749 2849 829 2917 alias
854 2870 1070 2917 numerorum
1094 2847 1241 2915 meones
1268 2847 1321 2914 ef-

126 2972 128 2979 ’
196 2946 346 3052 'ficeret
398 2985 488 3053 Nam
520 2986 557 3053 id
591 3008 659 3055 non
682 2994 747 3054 est
770 2985 956 3055 emendare·
976 2984 1113 3071 vitiosa‚
1143 2981 1215 3050 sed
1230 2982 1322 3050 aliud

220 3122 400 3214 problema
424 3144 628 3215 proponere.
681 3120 863 3190 Caeterum
886 3120 1098 3189 multitudine
1122 3119 1179 3186 illa
1204 3127 1321 3185 tauro-

220 3280 296 3326 rum
320 3280 361 3325 ac
386 3259 491 3324 boum
511 3255 737 3325 Mollweidius
763 3278 801 3324 se
825 3277 894 3323 non
917 3254 1046 3323 offendi
1071 3253 1221 3321 dicebat:
1253 3276 1323 3322 non

222 3395 311 3463 enim
342 3392 599 3482 Archimedem,
639 3392 734 3484 quod
765 3391 909 3460 nesciret
941 3411 1045 3481 quam
1076 3412 1209 3483 parum.
1228 3364 1323 3460 tanto

221 3552 362 3602 numero
388 3529 555 3620 capiendo
580 3530 751 3599 sufficeret
775 3528 906 3618 Sicilia,
941 3528 1029 3598 Solis
1064 3528 1221 3595 armentis
1250 3550 1324 3596 esse

150 3667 152 3670 ’
222 3690 337 3756 usum,
369 3666 431 3737 sed
468 3677 506 3768 ut
542 3667 576 3736 in
616 3676 698 3737 noto
737 3688 780 3736 ex
810 3665 978 3736 veteribus
1013 3664 1137 3733 fabulis
1166 3665 1323 3756 exemplo

84 3893 89 3904 ἱ
224 3807 320 3897 quasi
343 3813 422 3874 ante
446 3807 563 3874 oculos
595 3811 739 3897 poneret
770 3803 908 3893 lectori,
940 3803 988 3871 ln-
1001 3825 1070 3892 quo
1096 3806 1203 3869 artem
1229 3823 1325 3868 suam

225 3943 442 4034 computandi
484 3943 701 4034 experiretur.
765 3938 808 4010 ld
847 3941 942 4009 illurn
971 3939 1119 4007 'arbitror
1160 3937 1324 4007 iudicasse

99 4058 104 4073 ⁸
225 4079 416 4148 verissime·
455 4079 595 4149 Constet
622 4054 714 4149 'enm
745 4079 893 4171 primurn
915 4073 1015 4145 huius
1031 4075 1176 4145 ‘fabulae
1204 4080 1323 4141 aucto-

225 4236 298 4281 rem
323 4237 397 4284 esse
413 4216 619 4302 Homerum,
644 4216 703 4306 qui
727 4217 761 4285 in
780 4213 982 4285 duodecimo
997 4209 1176 4304 Odysseae
1189 4234 1220 4279 v.
1236 4207 1323 4279 127.

134 4424 137 4429 ,
224 4347 312 4421 haec
337 4353 483 4427 cocinitt.
