2842 4920
441 357 917 426 ulssERTATIO.
1022 450 1032 479 b
1173 374 1241 437 289

131 548 254 636 Neque
278 547 368 614 enim
391 547 664 642 distinguendum
683 552 834 642 videtur,
860 549 1019 628 ὁπλιτων
1027 610 1041 644 ,
1068 560 1238 653 πρυλέων.

131 649 422 742 cynegeticorum
435 654 580 745 scriptor
594 665 706 724 autem
713 679 778 749 pro
789 602 945 724 odolertis
959 660 1138 750 posuitlll.
1156 661 1240 733 124.

757 787 907 865 aoid’
882 820 955 889 αρα
972 794 1084 868 δειλοὶ

234 894 373 987 τεῖχος
366 885 432 963 du
449 888 670 988 ου’πτέρυγυν
685 896 833 987 πρυλέες
847 894 1009 993 τρίζουσι
1025 898 1177 971 νεοσσοί

128 1026 201 1096 Sed
221 1035 391 1119 praestat,
424 1049 467 1095 ex
485 1028 580 1119 ipso,
607 1030 729 1098 silleri
753 1039 884 1123 potest,
910 1034 1063 1102 Homero
1086 1037 1237 1126 explica-

127 1130 259 1198 tionem
274 1140 404 1222 petere.
457 1131 489 1198 ls
513 1155 555 1199 eo
572 1134 759 1218 vocabulo,
785 1145 924 1227 praeter
939 1160 1018 1205 eum
1034 1137 1150 1206 locum
1161 1141 1219 1229 qui

128 1243 181 1302 est
197 1233 242 1301 de
259 1234 360 1325 galea
374 1232 562 1337 Minervae,
588 1244 640 1303 ter
656 1260 733 1305 usus
746 1237 920 1306 invenitur.
971 1240 1067 1314 lliad.
1082 1241 1158 1309 Xll.
1174 1243 1235 1309 ἵ6.

127 1336 346 1426 Polydamas,
368 1338 528 1426 quoniam
541 1361 646 1427 equos
661 1364 726 1432 per
740 1341 867 1409 fossam
875 1341 1086 1411 Graecorum
1098 1345 1237 1437 adigere

126 1440 357 1531 periculosum
374 1463 448 1508 esse
465 1440 575 1527 videt,
600 1442 688 1510 haec
704 1443 840 1512 suadet.

233 1583 363 1657 ἵππους
379 1577 448 1669 μέν
466 1570 728 1697 θεράποντες’
710 1573 911 1700 ερυνέντων
926 1578 984 1653 ἐπὶ
1000 1574 1147 1679 τάφρῳ,

233 1674 342 1752 αὐτοι
334 1679 437 1753 ’δέπ
413 1682 619 1808 πρυλέες
577 1673 643 1751 σάν
657 1674 799 1800 τοάχεσι
816 1683 1071 1779 θωρηχθέντες

224 1778 381 1879 Εντορι
398 1808 530 1863 παντες
544 1775 713 1876 scopae
740 1779 892 1866 άολλέες.

125 1933 174 2003 Et
188 1933 258 2002 hoc
273 1935 412 2024 quidem
427 1936 505 2004 loco
519 1935 747 2028 grammaticis
761 1936 939 2028 pedites
909 1937 969 2006 vrsi
987 1948 1064 2007 sunt
1078 1962 1235 2033 necessa-

126 2038 177 2105 rio
194 2038 402 2130 intelligendi
417 2062 500 2107 esse.
539 2039 703 2107 Geminus
716 2037 797 2107 huic
811 2049 862 2108 est
874 2041 1004 2114 aliusin
1015 2042 1073 2112 Xl.
1088 2064 1109 2108 a
1122 2066 1153 2116 v.
1172 2042 1234 2116 47.
1326 2080 1330 2089 ‹

233 2188 371 2323 ρ’νιάχῳ
385 2191 454 2285 μέν
469 2192 595 2314 ἔπειτρ
614 2197 660 2287 ἕω
648 2192 902 2267 Μ’ἑπέτελλεν
880 2219 1028 2274 εναστος

236 2301 365 2422 ἵππορς
379 2323 419 2367 ευ
436 2289 532 2368 κατά
545 2288 682 2415 νόσρσν
697 2298 868 2419 ἐρυκέμεν
882 2291 975 2371 αυθ
988 2295 1046 2369 ἐπὶ
1059 2289 1207 2394 τάφρῳ·

232 2423 338 2486 αυτοι
331 2396 398 2471 δέ
415 2399 563 2492 πρυλέες
578 2424 644 2470 συν
659 2392 803 2527 τεάχερι
820 2400 1071 2520 θωρηχθέντες

91 2498 113 2555 ⁹
230 2494 366 2621 ράοντ’
374 2498 636 2592 ’ἄσβεστοςδέ
646 2493 719 2594 βοη
734 2501 837 2590 γένετ
844 2493 1064 2627 ηὀἵθιπρά.

230 2597 334 2698 φθάν
356 2603 395 2677 δέ
407 2597 494 2695 μέν
508 2595 649 2696 ἱππήων
664 2602 721 2676 ἐπὶ
738 2597 866 2699 τάφρω
882 2601 1142 2697 κοσμηθέντες·

230 2703 409 2802 ἱππῆεςδ
428 2701 798 2799 ὀλίγονμετωάαθον.

125 2858 237 2928 Huius
261 2857 329 2926 loci
352 2849 530 2951 explicatio
544 2859 674 2950 pendet
696 2858 861 2950 exprimo
877 2878 995 2942 versu,
1022 2878 1124 2946 quem
1144 2867 1235 2925 recte

125 2963 362 3051 interpretatus
381 2972 432 3032 est
445 2963 657 3030 scholiastes:
673 2963 732 3050 qul
746 2983 834 3050 quae
849 2960 993 3049 scripsit,
1004 2959 1050 3028 ita
1065 2969 1140 3027 sunt
1156 2984 1234 3028 cor-

126 3064 292 3189 rigenda·
327 3059 577 3157 ἐντειλάμενοι
600 3070 675 3144 τοῖς
695 3055 856 3158 ἡνιόχοις
877 3067 913 3133 οἱ
936 3055 1195 3153 παραβάται
1177 3062 1234 3133 επν

126 3169 174 3265 τῇ
203 3161 337 3261 τάφροι
361 3195 427 3241 συν
459 3173 535 3247 τοῖς
560 3173 682 3246 ἵπποις
702 3162 897 3259 άναμένειν
921 3156 1070 3291 αρτοάς,
1103 3165 1141 3235 έν
1161 3160 1233 3257 ὅσω

131 3298 215 3351 τους
237 3278 365 3351 ἵππους
380 3275 508 3344 ἐνεῖναι
525 3262 748 3362 ζευγνάουσι,
773 3266 833 3339 ναὶ
851 3261 958 3338 αυτοὶ
976 3262 1054 3357 ἅμα
1070 3270 1145 3344 τοῖς
1165 3292 1234 3336 πε-
1256 3269 1259 3274 ’

128 3380 199 3460 ζοῖς
219 3373 450 3465 διαβαίνουσι
469 3366 538 3469 τήν
559 3367 725 3504 τάφρον,
752 3371 813 3442 ναὶ
829 3374 960 3444 ένεῑνοι
977 3363 1065 3459 μετ’
1081 3393 1124 3438 ου
1116 3362 1235 3441 'aoid

126 3469 520 3569 καταλαμβάνουσιν
494 3504 572 3568 αμα
594 3481 671 3554 τοῖς
696 3481 828 3553 ἵπποις.
881 3471 996 3539 Videri
1013 3479 1154 3561 possunt
1177 3471 1234 3538 hic
1305 3526 1308 3531 .

128 3602 266 3700 quoque
288 3579 421 3670 pedites
441 3579 522 3647 dici:
550 3578 610 3646 sed
633 3588 745 3645 tamen
760 3599 823 3643 nec
845 3575 1023 3643 necessitas
1041 3575 1109 3641 ulla
1130 3574 1233 3663 cogit,
1268 3640 1271 3646 ,
1360 3589 1363 3594 ’

126 3684 207 3772 quia
231 3684 332 3750 etiam
358 3684 383 3750 si
407 3684 509 3776 plane
531 3684 665 3750 abesset
684 3682 742 3749 illa
766 3701 850 3761 vox,
876 3677 968 3746 idem
990 3677 1173 3760 diceretur,
1200 3685 1234 3742 et

79 3817 84 3824 ·
126 3786 312 3878 permirum
326 3797 394 3866 est,
421 3785 514 3875 quod
528 3785 618 3871 alibi,
646 3785 704 3872 qui
717 3783 833 3850 relicto
848 3803 947 3848 curru
961 3780 996 3846 in
1011 3780 1083 3846 solo
1102 3785 1257 3872 stantesg

92 3931 95 3938 ,
128 3889 255 3980 aliquid
278 3900 404 3982 agunt,
432 3898 623 3957 constanter
644 3886 741 3971 πεζοὶ
756 3893 927 3951 vocantm.
980 3881 1034 3947 Ex
1057 3903 1125 3970 quo
1139 3891 1232 3949 recte
1304 3918 1307 3922 ·

128 3994 291 4084 colligere
304 3993 468 4078 videmur,
494 3991 586 4059 aliud
600 3987 790 4082 significari.
832 3988 886 4053 Ac
900 3994 1160 4075 peropportune
1172 4009 1233 4052 ac-

128 4096 227 4187 cidit,
255 4097 440 4164 uttertium
454 4095 547 4186 apud
559 4095 749 4162 Homerum
769 4089 961 4180 exemplum
981 4096 1104 4171 exstet,
1130 4087 1233 4176 idque

126 4202 237 4293 magis
251 4223 354 4288 quam
370 4200 544 4290 superiora
556 4198 614 4264 illa
628 4195 857 4287 perspicuum.
910 4190 1004 4262 lliad.
1021 4191 1114 4280 xxi.
1128 4188 1188 4261 90.

233 4349 315 4444 ἦτοι
332 4345 398 4424 τόν
416 4345 588 4446 πρώτοισι
603 4341 702 4442 μετά
717 4347 906 4445 πρυλέεσσι
928 4337 1133 4436 δάμασσας,

181 4473 392 4544 Hannon.
419 4472 476 4540 lV.
986 4461 1021 4530 T
