2842 4920
479 348 913 442 unm.mnra

366 888 618 959 LIBER
668 886 1043 958 TERTIVS.

691 1061 718 1129 Ι.

212 1213 296 1315 De
346 1213 409 1282 vi
458 1214 791 1307 optativi
842 1213 1257 1284 universe·

149 1366 363 1469 peruentum
382 1409 433 1468 est
456 1400 501 1468 ad
524 1402 722 1493 optativum.
774 1401 807 1469 Is
830 1401 949 1470 modus
973 1403 1132 1491 quoniam
1153 1405 1260 1472 solam

150 1504 390 1596 cogitationem
400 1504 450 1571 rei
465 1505 647 1596 significat,
673 1505 833 1596 proprius
852 1514 903 1572 est
916 1506 1073 1573 orationis
1089 1507 1257 1595 obliquae.
1377 1582 1379 1587 .

150 1605 334 1697 Obliquum
356 1606 444 1675 enim
459 1609 643 1675 orationem
656 1630 816 1674 vocamus
833 1630 925 1693 eam,
952 1629 1021 1694 qua
1033 1609 1195 1696 neuquid
1207 1612 1259 1699 sit,

150 1710 210 1778 sed
223 1711 307 1801 quid
322 1711 450 1802 cogitet
469 1712 543 1799 quis
562 1733 636 1778 esse
650 1710 825 1781 iudicatur.
867 1709 1013 1793 Quodsi
1029 1732 1148 1778 verum
1163 1711 1261 1780 lateri

150 1814 321 1901 volumuS,
355 1813 462 1882 omnis
492 1814 628 1882 omuino
650 1813 775 1901 oratio,
811 1835 898 1904 quae
932 1813 1120 1904 optativum
1145 1814 1261 1903 habet,

149 1918 288 2008 obliqua
310 1924 370 1987 cst.
421 1916 493 1984 Sed
518 1940 582 1985 usu
606 1917 735 1984 factum
762 1924 829 2003 est,
861 1926 899 1984 ut
925 1915 1010 1982 illud
1034 1939 1157 2008 genus,
1191 1941 1260 2009 quo

149 2031 262 2089 nostra
273 2020 425 2111 ipsorum
444 2021 593 2112 cogitata
613 2021 661 2089 sic
677 2019 909 2104 enunciamus,
934 2026 1053 2086 utnon
1069 2020 1192 2089 diserte
1206 2020 1261 2088 di-

151 2122 356 2216 stinguamus
374 2124 577 2214 cogitantem
586 2124 631 2191 ab
638 2125 809 2214 loquente,
826 2131 940 2190 rectae
946 2123 1102 2191 orationis
1111 2125 1261 2215 speciem

149 2225 283 2295 habeat
314 2226 454 2316 ¹ltaque
472 2236 731 2296 cousentaneum
754 2226 903 2314 videtur,
936 2249 1095 2319 separare
1116 2228 1260 2297 alterum

149 2353 256 2423 genus
281 2329 325 2398 ab
348 2330 473 2418 altero,
506 2332 688 2422 primoque
709 2330 754 2398 de
773 2331 833 2397 illo
856 2329 990 2416 dicere,
1026 2330 1121 2418 quod
1141 2339 1261 2423 aperte

149 2457 210 2503 nec
225 2434 329 2502 dubie
342 2433 515 2522 obliquam
528 2435 713 2502 orationem
728 2434 884 2500 continet
923 2432 1032 2500 Huius
1046 2435 1178 2524 generis
1194 2434 1261 2501 du-

149 2539 232 2629 plex
256 2536 378 2604 modus
398 2546 457 2605 cst.
509 2539 599 2605 Nam
618 2545 679 2611 aut,
696 2558 762 2626 pro
780 2533 976 2617 indicativo,
1002 2544 1060 2600 aut
1083 2558 1149 2626 pro
1174 2559 1257 2603 cou-

149 2641 295 2709 iunctivo
308 2639 446 2731 ponitur
462 2641 642 2733 optativus,
661 2640 756 2730 isque
770 2661 886 2707 carens
903 2636 1071 2728 particula
1085 2634 1143 2710 cio.
1169 2639 1260 2707 Nam

150 2767 256 2834 quum
285 2742 368 2832 quid
404 2766 446 2811 ex
478 2753 571 2813 recta
603 2745 754 2812 oratioue
785 2742 821 2811 in
850 2741 1022 2829 obliquam
1049 2742 1259 2829 transfertur,

150 2847 232 2915 nihil
253 2847 317 2914 nisi
338 2847 459 2917 veritas
480 2849 530 2916 rei
550 2844 783 2916 tantummodo
812 2856 850 2914 ut
877 2845 1024 2936 cogitata
1045 2846 1260 2936 proponitur,

150 2973 218 3018 nou
232 2951 335 3018 etiam
354 2949 508 3021 adiicitur
527 2952 640 3042 aliqua
659 2949 827 3035 conditio,
853 2948 989 3039 qualem
1011 2949 1158 3017 continet
1177 2972 1262 3043 par-
1391 3034 1394 3039 ‚

149 3054 250 3122 ticula
261 3053 334 3127 ista.

632 3264 635 3269 .
686 3256 730 3329 n·

347 3410 414 3483 De
440 3408 649 3506 optativo
668 3427 764 3502 pro
789 3403 1070 3476 indicativo.

255 3565 344 3635 Sunt
358 3573 472 3634 autem
486 3564 627 3658 optativi
642 3584 709 3655 pro
725 3561 905 3630 indicativo
919 3559 1021 3651 positi
1033 3567 1189 3650 quattuor
1196 3582 1263 3651 po·

150 3670 316 3738 tissimum
343 3670 484 3741 formae.
535 3669 663 3736 Earum
683 3666 795 3758 prima
825 3664 973 3753 elliptica
996 3671 1066 3750 est,
1106 3686 1174 3752 qua
1196 3663 1264 3732 tale

152 3773 236 3864 quid
247 3782 287 3842 ut
305 3775 400 3867 λέγει
417 3770 479 3846 ὅτι
492 3771 697 3864 intelligitur.
749 3767 939 3861 Sophocles
953 3765 1041 3838 Phil.
1059 3761 1145 3833 615.

781 3915 915 4000 εὐθέως
929 3916 966 3993 δ’
980 3916 1154 4011 ὑπέσχετο

257 4022 325 4102 τόν
338 4024 429 4127 ἅνδρ
439 4024 448 4047 ’
460 4022 628 4118 Ἀχαιοῖς
641 4018 749 4099 τόνδε
763 4015 935 4122 δηλώσειν
949 4021 1063 4116 ἄγων·

258 4133 378 4205 οἴοιτο
392 4129 478 4225 μέν,
503 4123 663 4221 μάλισθ’
677 4121 841 4201 ἑκούσιον
855 4119 976 4218 λαβών
982 4180 997 4215 ,

258 4236 296 4306 ci
305 4228 359 4332 μή
372 4237 479 4310 θέλοι
494 4229 552 4322 δ’,
579 4230 726 4306 ἄκοντα.

156 4387 382 4480 Thucydides
400 4387 444 4459 11.
463 4386 524 4457 72.
552 4383 792 4485 ἀπεκρίναντο
808 4378 910 4477 αὐτῷ
925 4378 985 4452 ὄτι
1001 4372 1166 4452 ἀδύνατα
1181 4376 1264 4472 σφί-
