2842 4920
501 369 588 435 tle.
610 370 648 432 ¹1.
692 371 841 439 (ΞΛΜ.
1183 384 1226 448 til

108 563 268 636 estvm
292 563 354 634 ot.
379 561 481 648 oicdd
501 559 625 690 κόσμῳ
648 570 710 641 ὅτε
712 566 769 662 ξῆι
791 573 929 656 ἵζοντο,
955 569 1103 693 πέμψαι
1126 573 1225 670 stp-

109 661 411 768 ξηςΜαρδόκιοι,
428 663 572 768 εἰρώτα,
595 664 1070 791 οἷποποιροὶμονοιὲκαοτοο,
1088 679 1120 750 οἱ
1136 704 1225 751 νοο-

108 773 248 871 μαχίην
269 773 447 846 ποιέοιτο.
499 772 597 842 Heec
621 796 726 864 quum
748 775 856 844 minus
878 783 1035 845 accurate
1053 732 1226 851 discerne-

109 889 164 949 ret
178 878 377 948 Werferns
367 900 402 945 111
416 877 511 946 Actis
525 877 662 946 Monac.
676 879 745 952 voi,
763 879 791 953 Ι,
806 903 845 971 p.
860 876 946 954 230.
961 904 1057 974 seqq.
1067 885 1141 953 fieri
1156 907 1227 954 non

107 983 239 1076 potnit,
265 982 346 1072 quin
368 982 492 1074 corrigi
510 982 633 1068 ¹veliet,
667 1005 755 1073 quae
774 984 911 1051 minime
932 985 1087 1079 indigent
1109 1010 1226 1058 corre-

110 1088 234 1159 ctione.
287 1085 582 1155 Demosthenesin
597 1085 736 1210 Midp
758 1083 923 1174 52519.
952 1089 1054 1173 εἴτις
1072 1086 1225 1164 οὖνκαὶ

109 1189 242 1270 κείνοις
263 1194 341 1269 τοῖς
361 1181 640 1284 προϋπαρχοοσι
660 1182 809 1283 νόμοις,
835 1218 896 1263 και
919 1187 1041 1290 τούτῳ
1065 1193 1118 1290 τῷ
1138 1221 1211 1287 μοτ

110 1292 266 1372 ἑκοίνοοι
292 1293 526 1365 reddeundi
558 1292 648 1364 πᾶσι
672 1300 750 1374 τοῖς
776 1297 957 1374 λοιποῖς*
935 1322 998 1369 eor
1036 1299 1224 1388 ἕνοχος,ο

110 1394 283 1475 τοιοῦτος
305 1386 444 1489 πότερα
469 1421 521 1490 μη
513 1389 594 1491 δῷ
611 1389 675 1469 δια
697 1396 810 1470 τοῦτο
834 1395 954 1496 δίκην,
981 1398 1126 1495 ἢμιίζα
1144 1397 1226 1498 dorp

111 1503 276 1589 δικαίοις
302 1490 371 1590 o'ycd
387 1498 455 1588 μὲν
470 1494 576 1590 οἶμαι
591 1498 710 1591 μείζω.
744 1500 914 1570 Accnrete
931 1501 1079 1570 distinxit
1093 1503 1226 1592 modos,

109 1612 149 1670 nt
162 1624 233 1671 non
253 1600 410 1670 debuerit
423 1601 602 1669 Bekkerus
619 1603 821 1696 Spaldingio
835 1606 1001 1692 assentiri,
1016 1605 1062 1678 dc
1075 1608 1226 1699 optativo

111 1704 339 1774 adiiciendum
373 1704 530 1777 censenti.
583 1706 674 1774 Nam
706 1729 811 1795 quum
842 1707 880 1776 id
907 1717 989 1800 agot
1015 1717 1145 1797 orator,
1190 1720 1228 1778 nt

110 1808 268 1879 ostendat
287 1830 401 1900 poena
420 1808 561 1902 dignum
581 1832 656 1878 esse
677 1808 838 1897 Midiam,
864 1810 989 1880 refutat
1007 1834 1087 1899 eos,
1113 1813 1228 1903 qniil-
1353 1866 1358 1879 .

109 1915 182 1983 lum
197 1914 286 1980 forte
305 1913 490 1980 absoluturi
507 1913 581 1985 sint
631 1908 816 2003 Ithne'
766 1940 906 2010 ποτερα
920 1942 973 2009 μη
965 1909 1044 2012 δῷ
1060 1913 1158 2014 δίκην
1172 1915 1228 1984 di-

113 2019 173 2087 cit:
196 2027 367 2086 utrumne
387 2016 450 2085 ille
471 2039 544 2084 ιιοιι
560 2013 667 2086 dedet
680 2039 826 2110 poenas
850 2013 973 2087 dare?
998 2018 1112 2087 Debet
1135 2041 1228 2092 roro.

110 2119 246 2192 Deinde
258 2129 372 2188 antem
388 2119 489 2188 offert
502 2120 639 2210 aliquid,
665 2121 761 2211 quod
772 2144 843 2190 non
859 2122 931 2190 vult
945 2123 1029 2212 fieri,
1057 2121 1119 2191 sed
1134 2121 1228 2213 qnod

112 2249 154 2296 eo
171 2233 301 2293 tantum
329 2225 397 2292 fine
420 2224 550 2311 adiicit,
575 2232 614 2291 nt
630 2225 724 2293 illem
738 2226 890 2315 priorem
904 2227 1103 2295 sententiam
1120 2248 1228 2320 erog-

111 2329 267 2424 gerando
284 2330 500 2397 corroboret:
527 2350 577 2396 oo
598 2327 788 2400 censebitis
807 2330 950 2398 maiore
962 2330 1089 2423 potios
1103 2351 1229 2425 poena

112 2434 270 2528 dignum
284 2428 392 2503 esse?
412 2432 491 2500 Hoe
505 2453 587 2499 vero
595 2455 661 2523 per
668 2434 856 2524 optativum
870 2430 988 2501 debuit
1002 2433 1127 2520 dicere,
1149 2432 1229 2523 qnia

111 2561 182 2607 non
196 2546 248 2606 est
270 2533 369 2623 illud,
382 2535 490 2626 ‘qnod
508 2557 597 2603 nunc
613 2546 773 2628 oportere
793 2537 858 2624 ait,
885 2535 948 2606 sed
967 2537 1062 2626 qnod
1087 2544 1229 2629 oporte-
1322 2527 1325 2536 ’

110 2651 180 2724 ret,
207 2641 237 2709 si
253 2641 288 2709 in
302 2639 406 2731 ipsius
421 2647 592 2731 potestate
609 2649 697 2710 esset
712 2641 806 2708 iilum
827 2641 959 2733 punire.
1011 2640 1131 2729 ltaque
1146 2661 1229 2708 cen·
1291 2683 1294 2687 -

112 2743 256 2814 sendum
279 2742 417 2834 quidem
441 2745 488 2811 ite
517 2752 632 2835 putat,
673 2746 801 2814 maiore
826 2745 921 2812 illum
945 2766 1060 2837 poene
1084 2743 1230 2836 dignum

113 2872 205 2938 esse,
234 2847 297 2916 sed
318 2869 387 2915 non
403 2847 576 2916 contendit
595 2847 721 2918 debere
735 2850 838 2918 etiam
850 2848 943 2917 effici
958 2871 1072 2940 poena
1089 2847 1227 2921 maiore.

111 2951 231 3021 Placet
253 2952 448 3042 exemplum
464 2950 633 3019 secundae
649 2975 819 3044 personae
840 2952 1004 3041 adiicere,
1031 2952 1126 3043 qnod
1141 2950 1229 3020 baec

111 3054 220 3124 rarius
234 3055 410 3127 invenitur.
439 3052 625 3123 Oraculnm
634 3053 728 3147 apnd
737 3055 839 3123 schol¹
852 3053 1028 3145 Aristoph.
1037 3050 1227 3144 Eq.1089.

113 3168 148 3228 et
162 3156 306 3228 Suidam
320 3158 356 3226 in
370 3180 403 3231 v.
417 3153 584 3257 Ἀρχίαςτ

165 3304 299 3408 ἤλθετ’
325 3302 538 3408 ἐρησόμενοι
566 3312 726 3405 Φοῖβον,
750 3307 836 3384 τίνα
861 3312 970 3403 γαῖαν
996 3313 1136 3404 ἵκησθε.

114 3461 256 3556 Operae
270 3464 419 3556 pretinm
435 3472 486 3533 est
505 3464 562 3533 hic
576 3464 770 3552 observare,
797 3465 858 3533 etsi
877 3463 964 3533 inter
982 3463 1229 3532 coniunctivnm

114 3576 218 3658 etque
233 3567 453 3636 indicativum
474 3567 577 3637 futuri
590 3569 733 3637 multum
756 3570 911 3655 interest,
937 3577 1051 3636 tamen
1067 3589 1134 3659 pro
1150 3566 1230 3634 affi-

113 3672 234 3758 nitate,
262 3693 350 3762 qnee
367 3679 418 3739 est
436 3671 524 3741 inter
537 3671 601 3740 hos
616 3670 754 3758 medor,
782 3695 884 3765 saepe
899 3672 1050 3741 futurum
1062 3669 1230 3761 usurpari,
1265 3677 1269 3688 '

113 3774 175 3842 nbi
190 3782 290 3868 putes
314 3775 531 3844 coniunctivo*
542 3776 654 3868 potins
673 3775 837 3844 utendum
851 3776 965 3848 fnisse.
1017 3774 1064 3842 Et
1078 3772 1137 3841 nbi
1153 3772 1231 3863 qui-

114 3877 196 3947 dem
219 3900 287 3947 non
307 3877 390 3969 quid
414 3878 538 3948 debeat
560 3882 652 3965 fieri,
679 3880 741 3948 sed
765 3879 849 3970 quid
865 3879 1015 3946 futurum
1036 3878 1096 3963 sit,
1123 3898 1232 3967 quoe-

114 3983 209 4069 ritur,
234 4004 337 4051 nemo
350 3983 531 4069 nonvidet,
557 3984 746 4052 necessario
760 3982 910 4052 futurum
922 4004 1060 4071 requiri,
1085 3988 1124 4048 nt
1138 3979 1232 4074 apud

114 4032 335 4154 Herddotum
354 4087 381 4159 Ι.
398 4084 459 4155 86.
473 4080 697 4182 βουλόμενος
713 4088 863 4175 εἰδέναι,
890 4087 927 4158 εἴ
941 4084 995 4169 τίς
1011 4112 1077 4180 μιν
1093 4075 1230 4176 δαιμό-

115 4215 188 4262 νων
210 4181 363 4285 priorem
376 4188 446 4264 τοῦ
463 4184 517 4287 μή
537 4192 654 4276 ζοῖντα
678 4188 965 4279 κατακαυθῆναι.
1016 4188 1125 4259 Aliter
1138 4184 1233 4278 apud

117 4291 277 4361 eumdem
301 4292 392 4366 Vlll
418 4291 521 4362 36ss
503 4320 542 4367 ον
569 4291 716 4420 δείματι
746 4293 786 4367 dd
805 4286 951 4388 μεγάλῳ
972 4288 1232 4372 nassonem,

116 4388 367 4489 ἐμαντεύοντο
386 4394 469 4497 περὶ
487 4395 561 4472 τοῖν
579 4395 667 4499 ἱρῶν
684 4389 901 4497 χρημάτων,
926 4398 1000 4470 εἴτε
1020 4392 1115 4489 σφέα
1137 4416 1233 4465 κατα
