2842 4920
478 327 562 389 ΗΒ.
583 328 621 392 Π.
664 329 758 391 Cll’.
780 335 830 399 lt
845 338 896 400 11.
1185 339 1248 402 ns

152 518 251 586 Adde
266 515 476 606 Aeschylum
488 517 612 610 Suppl.
632 518 719 592 129.

250 676 352 749 θιοὶς
366 673 389 743 δ
393 666 402 687 '
417 672 545 761 ἐναγέα
559 673 686 759 τέλεα,
712 674 917 765 πελομένων
938 677 1068 763 καλοῖς,

248 769 439 868 ἐπίδρομ’,
466 766 582 846 ὁπόθι
602 770 860 871 θιίνοκοςιίπῇ.

150 925 282 993 Eodem
296 927 443 1015 pertinet
459 933 518 998 ira
537 928 571 993 in
584 926 638 1044 his
653 914 747 1019 ipud
761 926 981 996 Plutarchum
995 929 1040 998 de
1054 931 1247 1023 garrulitste

148 1053 182 1120 p.
196 1026 285 1096 514.
303 1029 345 1095 sl
363 1028 537 1122 φίλαυτος
552 1057 624 1125 γαρ
637 1029 687 1102 cir
704 1058 762 1101 και
755 1024 1005 1124 ἱ’φιλόδοξος
983 1060 1004 1103 ο
1019 1033 1200 1119 τοιοῦτος,

249 1182 361 1307 κίριει
366 1207 411 1251 το
402 1174 630 1252 πλεῖστον
607 1183 742 1304 ρμίρας
757 1175 877 1276 τούτῳ
892 1184 1017 1277 μέρος,

249 1279 300 1352 ἵν’
314 1275 424 1362 αι’τδς
440 1279 559 1355 αὐτοῦ
572 1278 730 1378 τυγχάνῃ
749 1277 941 1378 κράτιστος
955 1283 1014 1357 οἶν.

664 1519 723 1586 xl

152 1675 213 1742 De
240 1673 489 1768 particula
520 1671 574 1742 ἄν
606 1694 702 1740 cum
735 1672 1036 1744 coniunctius
1070 1675 1112 1742 iu
1145 1697 1247 1743 seu·

356 1792 361 1801 '
484 1791 647 1861 tentiis
670 1790 911 1883 finalibus.

249 1947 344 2015 Nihil
371 1945 576 2013 difficultatis
606 1945 733 2013 hahent
761 1947 941 2013 sententiae
969 1967 1052 2033 quas
1080 1944 1248 2013 brevitatis

151 2072 264 2117 mussa
280 2049 397 2116 finales
417 2047 575 2134 dicimus,
599 2050 620 2115 i.
641 2071 670 2116 e.
688 2049 807 2136 quibus
829 2048 905 2116 finis
920 2056 954 2115 et
972 2048 1144 2115 consilium
1161 2048 1249 2114 indi-

151 2164 250 2220 catur.
303 2153 365 2218 His
392 2150 573 2219 efficiendis
595 2152 775 2218 inserviunt
794 2152 977 2241 particulae
1001 2147 1118 2247 ὄφρα,
1143 2147 1247 2230 ὅπως.

151 2253 203 2338 οἱς,
228 2263 300 2326 ἵνα.
354 2253 552 2345 significant
566 2263 677 2333 autem
695 2251 788 2333 ὅπως
810 2263 845 2320 et
872 2252 915 2333 οίς
929 2253 1069 2345 proprie
1092 2263 1150 2339 ut,
1173 2252 1193 2320 i.
1218 2275 1247 2320 e.

152 2380 218 2448 ροο
233 2367 359 2449 pacto.
411 2356 484 2423 Eae
505 2357 688 2448 particulae
708 2355 891 2423 indicativis
908 2358 1089 2447 iunguntur
1107 2355 1247 2422 cuiusvis

150 2462 318 2551 temporis,
334 2481 438 2548 quum
447 2483 519 2526 esse
533 2457 625 2548 quid,
651 2459 706 2526 vel
720 2458 867 2525 futurum
881 2482 954 2525 esse
966 2468 1139 2547 putamus;
1152 2454 1248 2522 ¹con-

150 2564 297 2630 iunctivis
318 2572 447 2644 autem,
474 2584 577 2650 quum
590 2561 697 2627 vereri
715 2582 817 2648 quem
830 2560 1029 2643 indicamus,
1055 2583 1097 2626 ne
1113 2558 1194 2646 quid
1209 2558 1249 2623 sit

151 2676 204 2732 aut
224 2667 358 2734 nonsit.
383 2664 556 2754 Aristoph.
572 2663 658 2731 Aeh.
677 2661 762 2734 343.

200 2797 279 2874 ἀλλ’
295 2799 388 2880 ὅπως
405 2794 459 2897 μή
472 2796 503 2871 ’ν
515 2805 590 2880 τοῖς
606 2798 779 2897 τρίβωσιν
793 2793 1011 2895 ἐγκάθηνταί
1025 2822 1095 2869 που
1110 2794 1221 2868 λίθοι.

151 2937 336 3027 Aeschylus
348 2939 384 3005 in
396 2937 599 3006 Prometheo
613 2960 643 3002 v.
659 2934 718 3006 68.

572 3070 664 3150 ὄντος
677 3064 731 3165 μή
747 3063 883 3141 σαοτόν
898 3072 1041 3145 οἰκτιεῖς
1057 3071 1156 3139 ποτί.

151 3210 221 3278 Sed
236 3210 449 3302 Sophocles
439 3234 473 3277 m
486 3211 590 3278 Aiace
604 3205 760 3277 v.1089.

252 3346 314 3418 καί
328 3373 386 3419 σοι
400 3373 578 3441 προφωνω
565 3339 703 3417 τόνδε
716 3371 766 3439 μη
760 3336 964 3431 θάπτειν,
992 3336 1084 3421 ὅπως

250 3476 301 3544 μη
293 3442 424 3521 τόνδε
440 3443 593 3543 θάπτον
601 3501 614 3535 ,
643 3474 751 3527 ουτος
766 3449 814 3526 είς
828 3472 946 3539 ταφας
963 3444 1076 3541 πίσης.

149 3585 227 3651 Non
240 3587 349 3674 potuit
361 3585 418 3652 hic
436 3609 534 3656 πιοει
524 3583 675 3651 dicere.
727 3584 806 3649 Non
825 3582 913 3649 enim
933 3580 1000 3647 hoe
1013 3580 1161 3648 futurum
1175 3602 1246 3646 esse

148 3695 263 3777 putat,
291 3688 351 3756 sed
367 3685 552 3755 verendum
565 3709 638 3754 esse
655 3685 735 3752 dicit
747 3684 898 3768 Teucro,
924 3706 950 3749 οι
940 3683 1088 3751 audeat
1106 3681 1246 3772 sepelire

151 3790 299 3857 Aiacem
351 3791 447 3859 Plato
468 3787 709 3908 Phaedonem.
732 3785 791 3854 ii.
815 3785 859 3854 Β.
882 3779 1002 3856 oili
981 3813 1037 3857 οτι
1054 3784 1245 3903 ἐνέστηκεν,

152 3919 171 3963 ο
194 3919 260 3964 νυν
287 3885 330 3986 δη
355 3893 476 3986 Κέβης
497 3892 608 3983 thre,
633 3918 678 3964 το
702 3887 775 3962 τοίν
796 3884 1006 3972 πολλον,”
984 3913 1076 3967 οπως
1099 3879 1152 3983 μή
1168 3882 1245 3979 ἅμα

152 3981 1176 4118 οποθνηοκοντοςτοοανθρωποοδκαοκιδαννυταιηψυχη
1186 3988 1244 4060 καί

152 4092 326 4192 αίτῇτοῦ
346 4094 565 4170 εἶναιτοῦτο
581 4090 727 4190 τίλοκῇ
781 4091 834 4161 At
854 4088 993 4180 obstat,
1019 4091 1140 4182 inquit,
1165 4091 1244 4160 vul-

153 4221 251 4291 gare
268 4200 382 4288 illud,
407 4198 623 4285 verentium,
647 4219 693 4264 ne
714 4196 887 4265 moriente
905 4194 1045 4263 homine
1060 4194 1243 4285 dispercat

154 4302 265 4371 etiam
290 4304 431 4384 anima,
458 4311 493 4373 et
512 4324 590 4373 esse
614 4299 767 4369 desinat.
819 4297 889 4366 Sed
907 4300 1020 4388 paullo
1034 4306 1111 4389 post
1126 4295 1243 4362 eadem
