2842 4920
353 388 645 454 mcuuommwm
667 390 780 454 Lffluu
800 392 952 456 PRIMVS.
1139 399 1204 464 858

94 581 243 701 aliquam
257 576 364 648 habet
377 600 461 665 vox,
488 586 624 650 autnon
638 578 755 657 habet
807 581 846 652 st
862 573 983 672 habet,
1007 585 1202 656 nonabun·

94 680 169 754 dat:
196 685 225 752 si
241 705 310 751 non
331 681 454 765 habet,
486 704 554 752 vox
577 693 628 752 est
649 707 743 815 quae
762 707 832 754 non
854 695 907 756 est
928 709 1003 756 vox.
1055 685 1201 763 P.25·4.
1320 745 1323 749 .

94 789 141 857 sic
164 786 282 856 scribit
301 786 501 878 Dionysius:
534 782 616 860 α’λλ
629 783 696 860 οὖν
720 789 813 862 ἔστω
837 813 898 862 σοι
905 787 1035 913 ὥςπερ
1058 818 1098 865 τι
1125 794 1198 918 dq-

94 917 160 986 ρον
184 916 260 1013 παρ
292 889 386 983 ἐμοῦ
412 891 461 969 εἰς
487 888 846 964 avertissement
871 886 1009 984 κόσμον
1035 921 1109 968 των
1128 891 1200 988 yd-

92 1020 172 1086 μων
206 987 253 1065 ‘td
284 991 377 1089 μηδὲ
409 990 484 1063 τοῖν
515 991 599 1086 περὶ
633 986 774 1065 τούτων
807 989 995 1068 εἰωθότων
1027 998 1202 1124 λε’ρισθαι

93 1090 180 1194 μηδ
198 1092 320 1167 ου’τοῖν
355 1090 511 1188 αἰιοίρως
537 1094 653 1183 ἔχειν,
687 1092 759 1167 εἴτ
781 1092 845 1169 oda
879 1092 990 1179 αὐτος
1015 1097 1074 1171 ιιαὶ
1072 1124 1200 1228 παρα

94 1197 236 1292 σεαυτῷ
262 1190 462 1291 quiderm
488 1190 724 1288 βούλοιο,
686 1225 759 1272 ατε
786 1198 845 1271 καὶ
867 1201 978 1297 ἑτέρω
1005 1201 1080 1274 τινὶ
1106 1203 1200 1275 τοῦ

93 1327 159 1372 τον
192 1300 273 1373 οἷον
306 1292 439 1393 ἔρανόν
472 1326 557 1371 τινα
594 1302 642 1379 εἰς
675 1294 783 1396 χάριν
817 1303 1067 1399 συνιιςφέριιν.
1119 1306 1200 1397 lpse

93 1413 221 1491 servat,
248 1403 306 1494 qui
327 1400 613 1470 nonservandum
634 1402 693 1469 dat
708 1403 799 1486 uliis3
825 1404 918 1496 apud
939 1428 976 1472 se
988 1416 1115 1494 servat,
1141 1409 1200 1498 qui

92 1516 205 1576 servat
224 1507 310 1575 intra
331 1505 451 1573 domus
474 1527 555 1572 suae
573 1506 736 1597 parietes.
762 1529 850 1597 quae
876 1531 980 1598 quum
1000 1510 1066 1578 sint
1079 1511 1147 1578 duo
1165 1520 1199 1578 et

92 1608 241 1695 diversa,
268 1608 365 1677 abest
386 1608 529 1700 copula,
555 1607 613 1676 ubi
634 1609 812 1677 coniuncta
837 1612 1047 1703 cogitantur3
1079 1613 1199 1680 adiici-

90 1723 162 1798 tur,
196 1712 256 1781 nbi
279 1711 435 1780 discreta.
494 1712 571 1779 Non
594 1734 679 1803 ergo
705 1713 865 1780 abundat.
924 1713 963 1785 P.
988 1709 1075 1783 235.
1110 1715 1198 1783 haec

91 1816 279 1909 leguntur
269 1838 303 1884 m
324 1816 401 1882 loco
422 1814 561 1938 vitioso,
595 1816 690 1883 cuius
707 1816 862 1884 ultima
837 1839 884 1883 sm
901 1817 1056 1886 ridentur
1072 1819 1199 1939 sqripta

91 1918 211 1988 fuisse.
251 1916 311 1990 sai
345 1913 406 1989 ὅτι
439 1911 607 2011 ευρόντες
640 1916 699 1988 καὶ
732 1917 909 2000 diliasete
942 1947 1029 2000 τους
1061 1913 1198 2044 quinque

90 2027 168 2102 τοῖς
194 2014 422 2150 οἷνθρρὶιιοις,
450 2012 541 2099 Ζεύς
566 2046 608 2092 τε
633 2019 694 2142 uqi
713 2017 839 2116 Hos,
858 2021 1005 2150 ιιρρῖιοι
1033 2017 1198 2151 ζιυγνυρ-

90 2150 149 2205 τις
174 2151 216 2197 τι
242 2121 301 2195 οιαὶ
328 2114 601 2244 ρυνδυοίζοντις·
635 2118 731 2196 οὕτω
758 2149 816 2196 τοι
843 2123 956 2215 ὃμὲν
982 2124 1042 2196 ιιαὶ
1074 2151 1197 2221 πατηρ

90 2231 254 2299 καλεῖται
288 2218 456 2307 πάντων,
490 2221 514 2319 ἢ
548 2227 586 2298 de
612 2224 723 2318 ζυγία.
784 2226 882 2295 Patet
910 2228 1198 2319 comparationem

89 2330 123 2396 in
144 2326 197 2396 his
221 2351 304 2398 esse.
358 2327 465 2417 Atqui
486 2329 745 2419 comparationis
767 2341 836 2416 est,
863 2331 963 2420 quale
986 2332 1128 2399 alterum
1146 2334 1198 2416 sit,

89 2432 156 2500 tale
177 2432 245 2500 dici
265 2431 366 2499 etiarn
387 2431 530 2498 alterum
544 2453 629 2502 esse.
682 2432 827 2514 Quare
818 2455 852 2499 ιιι
874 2432 1105 2524 comparando
1125 2434 1198 2501 fre·

90 2558 196 2625 quens
220 2543 272 2602 est
294 2556 375 2602 usus
403 2532 490 2599 illius
513 2533 664 2599 voculae„
717 2533 783 2599 Hic
806 2531 944 2623 quidem
968 2534 1194 2623 quemadmo-

90 2637 171 2707 dum
191 2638 338 2730 coniugii
360 2643 552 2726 repertores
571 2635 694 2703 fuerint
707 2635 754 2702 illi
770 2635 833 2718 dii,
858 2636 905 2702 ita
924 2635 1024 2703 etiarn
1043 2639 1246 2729 congrual4

90 2742 121 2809 ei
142 2741 191 2809 rei
214 2741 348 2809 nomina
370 2738 525 2807 dicuntur
555 2738 696 2810 habere.
754 2738 792 2807 Ρ.
816 2737 901 2806 240.
936 2738 981 2808 de
1002 2738 1195 2809 laudatione

90 2845 259 2915 connubio
282 2867 319 2912 se
340 2841 607 2911 consociantinm
627 2841 791 2933 scriptum
816 2853 884 2912 est.
918 2842 977 2915 troi
1005 2846 1041 2916 al
1062 2843 1131 2935 μὲν
1158 2847 1195 2917 du

88 2947 153 3042 τῆς
185 2943 297 3040 αὐτῆς
329 2945 522 3070 nereides,
559 2941 621 3018 ὅτι
652 2948 689 3018 σίι
725 2945 863 3017 πολλοῦ
887 2946 1195 3072 προςωιιειριμένρι
1293 3032 1295 3037 ¹

88 3043 161 3122 dno*
180 3049 251 3123 τοῦ
266 3042 403 3122 τόσου·
438 3043 557 3119 rto*
539 3074 576 3119 ειι
603 3039 857 3172 διαφόρων,
835 3075 895 3121 οτι
921 3045 980 3118 sai
1002 3041 1075 3119 dno
1096 3047 1195 3120 θεαῖν

90 3146 325 3249 συνήχθησαν
346 3154 395 3231 εἰς
420 3177 488 3270 τρι
514 3147 715 3223 κοινωνίαν.
766 3150 821 3218 Ne
844 3149 900 3217 hic
923 3149 1061 3238 quidem
1083 3149 1195 3218 abun-

89 3254 149 3322 dat
170 3253 248 3342 ιιαί,
278 3255 340 3324 etsi
360 3253 467 3323 omitti
481 3254 610 3344 potuit:
637 3275 716 3320 narn
739 3253 877 3336 omisso,
904 3253 1108 3321 connubium
1132 3253 1195 3320 soii

88 3357 243 3426 tribuitur
256 3358 417 3425 voluntati
430 3355 589 3438 deorum3
615 3355 748 3446 addito,
768 3378 944 3440 nonnam,
971 3355 1033 3424 sed
1051 3356 1122 3424 ab
1113 3356 1194 3448 lpsis
1231 3430 1236 3435 ,

89 3461 176 3530 adeo
191 3461 253 3529 diis
273 3460 453 3529 consociati
469 3458 636 3532 dicuntur

192 3563 251 3637 Vl
304 3560 426 3635 Ρ..13
478 3562 658 3652 Dionysius
688 3585 723 3653 p
748 3560 842 3647 233,
870 3557 930 3632 ll.
973 3585 1025 3654 μη
1051 3584 1122 3686 γαρ
1149 3553 1194 3655 δη

89 3671 169 3767 rute
196 3672 328 3760 ψυχαῖς
348 3694 389 3739 τι
407 3693 466 3736 ιιαι
459 3663 672 3738 διαθέσεσι
698 3691 757 3735 ιιαι
782 3663 936 3743 ἐννοίαις
953 3688 1033 3740 ταις
1059 3657 1110 3734 ἐπ’
1125 3657 1193 3732 ου’-

88 3795 168 3848 ταις
200 3768 476 3896 χωριρθιίημέν
493 3793 593 3840 ποτε.
653 3766 859 3854 „Proxime
886 3763 1093 3856 sequeutia,
1129 3767 1192 3836 ἐν-

87 3869 204 3950 νοίαις
238 3878 317 3950 ταῖς
343 3868 404 3944 ἐπ’
428 3865 573 3948 αὐτοῖς,
613 3869 719 3939 velim
745 3867 834 3936 mihi
863 3867 997 3959 aliquis
1026 3865 1190 3958 explicet.

91 3971 202 4069 Quod
217 3997 298 4055 num
319 3973 399 4043 inre
423 3973 596 4064 desperes
605 3972 702 4070 fieri
719 3993 851 4064 posse,
879 3968 1112 4039 coniectandi
1129 3990 1191 4038 ve-

86 4075 151 4144 ιιὶα
183 4077 278 4146 datu
308 4085 372 4146 est.
436 4073 568 4160 Sume,
608 4082 687 4156 ταῖς
720 4082 847 4142 uatum
877 4095 957 4143 esse
985 4095 1031 4141 ex
1058 4071 1191 4141 litteris

81 4179 329 4306 praegressis
351 4206 443 4266 ναις,
478 4200 593 4268 neque
611 4175 850 4271 ιἰιιριοῦαόἱο,
878 4176 1024 4270 opinor,
1058 4173 1190 4266 siquis
1262 4171 1263 4175 ’

85 4304 157 4376 ριο
191 4280 250 4355 a'n'
281 4278 409 4362 αὐτοῖς
445 4280 605 4374 legut’
588 4280 815 4360 οναιιιίαις.“
871 4277 1116 4349 Dissentiebam
1146 4274 1191 4345 de

88 4383 322 4454 emendatione
340 4383 464 4454 homm
484 4385 683 4472 verbomm,
709 4405 796 4474 quae
819 4406 929 4474 neque
947 4388 1107 4472 corrupta
1127 4400 1191 4449 ue-

139 4504 259 4573 Hmuu.
287 4501 354 4575 01³.
381 4502 438 4572 lv.
954 4501 984 4568 Z
