2842 4920
180 346 247 411 214
548 337 928 403 EMENDATIONES

183 526 338 612 αιιόλποι
353 529 475 627 ἄραξε.
509 530 614 616 Quod
627 531 654 598 si
669 528 757 599 haec
771 538 864 598 recte
878 528 1099 615 coniecimus‚
1120 528 1289 619 relinqui-

79 709 82 714 ,
182 646 237 706 tur
249 644 287 704 ut
303 634 463 705 exciderit
476 634 602 724 aliquid
617 636 673 702 vel
692 642 769 701 ante
783 656 815 701 v.
829 630 890 700 48.
904 632 958 699 vel
980 639 1056 700 ante
1065 630 1173 730 γαίης.
1199 635 1291 701 Nam

182 740 326 808 fortasse
347 760 416 807 non
428 739 543 830 inepte
560 738 772 829 opinabimur
787 735 877 804 hanc
897 737 1006 829 ipsam
1026 756 1146 803 vocem
1162 735 1292 826 aliquid

185 844 382 930 contulisse,
407 851 446 933 ut
470 842 700 913 omitterentur
725 842 893 912 nonnulla.
947 839 1064 924 Quum
1090 838 1199 925 enim,
1232 839 1292 930 qui

53 1004 57 1011 .
185 945 230 1013 ad
250 955 379 1014 tantum
400 944 641 1036 desperationis
664 944 814 1012 furorem
839 941 948 1012 evecti
968 949 1061 1029 sunt,
1094 941 1203 1011 crines
1228 942 1292 1012 sibi

186 1049 373 1117 discindere
394 1058 494 1139 atque
518 1049 663 1116 evellere
685 1048 828 1134 soleant,
859 1046 929 1114 veri
952 1045 1057 1114 simile
1078 1044 1229 1131 videtur,
1254 1045 1292 1114 id

187 1152 287 1220 etiam
303 1148 346 1220 de
361 1151 465 1220 Eride
479 1174 552 1220 esse
566 1144 818 1242 praedicatum:
843 1159 881 1216 ut
896 1172 929 1222 v.
952 1147 1013 1219 47.
1029 1146 1192 1240 scriptum
1211 1148 1290 1217 fue-

186 1256 229 1322 rit
243 1254 334 1349 χειρλ
351 1254 389 1327 δὲ
409 1253 547 1350 χαίτης,
574 1276 595 1322 a
617 1253 737 1343 quibus
759 1253 899 1322 vocibus
920 1251 964 1320 ad
983 1250 1107 1320 similes
1129 1253 1167 1326 δὲ
1189 1251 1293 1348 γαίης

188 1359 347 1427 aberrans
367 1359 484 1426 oculus
500 1358 672 1426 librarium
686 1357 719 1426 in
737 1379 884 1426 errorem
903 1354 1089 1424 abduxerit.

290 1496 333 1567 V.
349 1492 410 1562 53.
437 1505 557 1587 aperte
572 1518 650 1563 vera
665 1504 716 1564 est
731 1494 809 1568 cod.
826 1494 912 1565 Mul.
929 1493 1116 1584 scriptura:

235 1644 433 1745 Ἡφαίστῳ
447 1644 482 1722 δ’
496 1641 685 1739 ὑπόεικεν,
707 1644 939 1746 ἀμαιμακέτη
957 1672 1024 1744 περ
1040 1645 1163 1721 duduc.

185 1803 275 1869 Nam
293 1801 386 1892 quod
402 1802 496 1895 apud
510 1801 792 1895 Tryphiodorum
807 1810 858 1870 est
871 1823 903 1871 v.
921 1794 1020 1873 685..

236 1950 434 2052 Ἡφαίστῳ
452 1950 487 2027 δ’
500 1947 690 2035 ὑπόεικεν,
718 1947 937 2047 ἀτυζόμενος
950 1946 1059 2043 χόλον
1067 1949 1210 2050 Ἥρης,

186 2107 223 2175 id
239 2130 309 2198 quo
329 2116 431 2199 pacto
452 2106 689 2175 defendendae
709 2107 803 2198 apud
823 2104 1008 2175 Coluthum
1026 2106 1185 2197 vulgatae
1199 2101 1297 2181 αἱτο-

188 2210 318 2308 ζομένη
335 2208 491 2276 adhiberi
504 2210 629 2299 possit,
653 2232 723 2277 non
737 2208 855 2291 video,
880 2207 942 2275 nisi
958 2208 1032 2296 quis
1045 2208 1136 2276 hunc
1156 2232 1298 2301 quoquc

189 2304 297 2402 χόλον
305 2308 429 2409 Ἥρης
447 2310 615 2379 addidisse
632 2311 759 2380 credat.

291 2433 332 2503 V.
345 2429 406 2499 oo.
431 2431 519 2501 baec
540 2433 714 2525 leguntur:

241 2583 467 2680 ἔνθενἜρις·
476 2586 676 2679 πτολέμοιο
690 2578 915 2682 προάγγελον
929 2584 1029 2681 ἔρνος
1044 2583 1190 2675 ἑλοῦσα,

240 2688 377 2785 μῆλον,
404 2682 579 2786 ἀριζήλων
595 2681 805 2786 ἐφράσσατο
821 2682 931 2783 δήνεα
943 2681 1108 2780 μόχθων.

189 2843 287 2912 Haeo
302 2864 405 2931 quum
420 2841 555 2911 omnino
568 2863 636 2909 non
649 2849 725 2910 sunt
736 2849 874 2910 venuste
885 2839 986 2927 dicta,
1011 2848 1083 2907 tum
1096 2840 1170 2906 iure
1183 2838 1297 2908 offen-

190 2945 245 3014 dit
253 2944 342 3013 viros
361 2944 480 3013 doctos
497 2967 620 3013 nomen
635 2944 765 3032 Erilis,
792 2966 895 3035 quam
908 2942 983 3031 hic,
1008 2942 1167 3033 quoniam
1183 2945 1297 3012 omnia

191 3071 280 3139 quae
293 3047 502 3140 praecedunt
517 3048 560 3117 de
579 3071 620 3117 ea
634 3057 710 3116 sunt
724 3047 790 3116 dea
804 3048 912 3135 dicta,
938 3070 1006 3115 non
1026 3045 1171 3114 decebat
1185 3049 1297 3116 nomi-

191 3152 295 3221 natim
313 3151 486 3244 appellari.
539 3151 610 3221 Sed
627 3174 669 3219 en
685 3151 903 3236 coniecturis,
931 3172 1020 3241 quae
1032 3150 1186 3241 prolatae
1208 3159 1295 3240 sunt,

192 3255 299 3337 duae,
332 3278 420 3343 quae
439 3254 520 3321 ferri
539 3264 696 3345 possunt,
722 3254 887 3344 Lennepii
902 3253 1010 3326 ἔνθεν
1032 3251 1120 3348 ἄρα,
1147 3253 1296 3322 etWer·

191 3358 274 3427 nikii
296 3357 341 3423 ad
356 3356 546 3447 Tryphiod.
569 3381 604 3448 p.
628 3356 688 3424 37.
707 3358 813 3430 ἔνθεν
832 3355 891 3441 δέ,
916 3355 1050 3446 longius
1068 3355 1111 3423 ab
1133 3357 1296 3425 librorum

15 3500 18 3505 ·
154 3526 157 3530 ,
192 3461 357 3551 scriptura
372 3458 548 3544 recedunt,
574 3482 637 3527 nec
649 3459 769 3527 tollunt
782 3457 891 3545 aliud,
917 3457 1012 3548 quod
1028 3459 1063 3525 in
1076 3457 1128 3526 his
1144 3460 1296 3528 versibus

193 3563 365 3654 displicet,
391 3560 508 3658 μήλον
531 3563 728 3630 inconcinne
749 3563 906 3653 positum.
960 3559 1081 3629 Codex
1103 3561 1296 3650 Vossianus,

193 3667 251 3756 qui
273 3667 373 3735 etiam
395 3688 427 3733 v.
447 3659 508 3732 55.
534 3688 604 3734 non
625 3664 904 3733 contemnendam
933 3665 1133 3755 scripturam
1160 3659 1297 3739 κόλπον

107 3804 116 3813 -
191 3770 353 3862 praebet,
377 3767 434 3836 hic
449 3768 554 3836 habet
571 3771 669 3865 ἔριν,
694 3768 798 3859 idque
814 3768 915 3837 etiam
935 3768 969 3835 in
989 3769 1103 3859 primo
1126 3769 1296 3838 Parisino·

192 3895 266 3939 rum
288 3867 390 3962 supra
416 3873 589 3964 vulgatam
614 3873 776 3964 scriptum
807 3880 867 3940 est.
919 3871 988 3939 Pro
1018 3871 1150 3945 ἑλοῦσα
1183 3882 1297 3941 autem

193 3973 270 4042 cod.
298 3972 386 4042 Mut.
417 3975 556 4048 ἰδοῦσα.
607 3976 703 4043 Τοιο·
718 3976 867 4066 quinque
889 3972 989 4042 codd.
1018 3968 1152 4070 μήλων.
1205 3977 1297 4046 Hinc

193 4077 448 4170 corrigendum:

146 4230 196 4300 12
249 4230 357 4304 ἔνθεν
373 4229 450 4327 ἔριν
464 4232 639 4323 πολέμοιο
655 4224 898 4328 προάγγελον,
925 4230 1027 4328 ἔρνος
1040 4229 1167 4304 ἰδοῦσα

247 4330 365 4429 μήλου
372 4388 386 4423 ,
414 4325 589 4432 ἀριζήλων
604 4330 643 4407 τ’
659 4326 868 4432 ἐφράσσατο
884 4326 994 4430 δήνεα
1007 4325 1171 4426 μόχθων.
