2842 4920
150 372 214 436 loo
497 365 555 427 DE
590 364 864 429 rnnuicvu
885 360 932 430 do

151 567 226 628 ctae
245 553 416 626 notatione
438 564 569 645 carent,
594 556 639 625 ad
661 556 746 625 illud
766 557 954 649 praecipue
968 566 1103 649 tempus
1125 555 1268 627 oman-

149 671 224 747 tur,
250 659 345 750 quod
365 667 483 728 natura
499 683 559 728 sua
578 682 715 728 resnou
731 660 836 728 factas
855 660 1110 752 complectitur,
1135 661 1153 729 i.
1175 685 1205 730 c.
1222 662 1269 730 ad

151 765 311 833 futurum
362 765 415 830 lta
436 763 565 832 factum
586 771 655 853 est,
678 772 715 831 ut
738 764 907 855 optativus
931 786 1009 831 cum
1031 765 1197 856 particula
1219 764 1269 837 ἂν

152 868 362 938 consociatus
377 867 479 935 futuri
494 867 773 961 significationem
789 867 918 935 habere
935 867 1151 937 existimetur.
1192 870 1268 939 Sed

150 972 220 1041 hoc
240 992 376 1060 quoque
401 972 448 1038 ita
466 980 517 1039 cst
539 980 790 1062 comparatum,
815 979 854 1038 ut
871 971 984 1062 ipsum
1004 971 1157 1040 futurum
1177 981 1268 1041 tem-

152 1097 218 1166 pus
232 1097 306 1141 rem
319 1083 356 1140 ιιι
369 1087 496 1142 certam
512 1075 684 1161 enunciet,
710 1073 878 1165 optativus
900 1082 935 1141 et
958 1072 1005 1147 ἂν
1025 1083 1139 1143 autem
1152 1085 1191 1145 ut
1211 1085 1268 1145 ta-

152 1180 237 1262 lem,
263 1199 351 1266 quae
371 1176 523 1246 videatur
543 1178 656 1246 futura
679 1200 771 1263 esse,
803 1176 830 1246 si
850 1176 1031 1269 impleatur
1053 1179 1111 1246 illa
1134 1203 1177 1251 ex
1198 1203 1269 1274 qua

152 1280 280 1375 pendet
294 1279 451 1354 conditio.
501 1282 551 1350 Ita
565 1280 726 1349 differunt
742 1280 846 1350 haec·

257 1462 281 1504 α
267 1431 367 1507 δεῖ
386 1435 586 1527 γενέσθαι,
612 1433 733 1507 ταῦτα
760 1432 820 1505 καὶ
845 1427 1046 1528 γενήσεται.

259 1532 282 1610 ὅ
307 1563 347 1609 τι
371 1564 440 1609 τοι
456 1529 644 1635 μόρσιμόν
670 1540 789 1625 ἐστιν,
814 1529 860 1609 τό
886 1532 1022 1628 γένοιτ’
1049 1531 1105 1608 ἄν.

152 1688 257 1758 Attici
271 1688 428 1779 quidem,
454 1690 513 1779 qui
531 1698 644 1757 amant
662 1687 775 1757 omnia
798 1688 1003 1757 dubitantius
1024 1688 1155 1776 dicere,
1183 1710 1268 1780 prae

153 1794 294 1861 caeteris
311 1791 381 1860 hoc
397 1795 537 1884 optativi
554 1816 616 1861 usu
631 1791 849 1859 delectantur.
891 1791 960 1876 Qui
973 1793 1000 1860 si
1014 1814 1268 1882 nonnumquam

154 1897 255 1966 etiam
269 1918 375 1986 quum
397 1894 478 1985 quid
503 1896 685 1965 certissime
703 1895 854 1963 futurum
870 1895 984 1964 dicere
1006 1896 1140 1983 volunt,
1167 1905 1268 1987 opta-

153 1999 258 2070 tivum
275 1999 486 2090 praeferunt,
512 2008 645 2067 nonest
662 2021 703 2066 ea
720 1998 928 2091 negligentia
943 1999 1179 2089 existimanda,
1205 1997 1269 2066 scd

152 2103 265 2193 figura
291 2103 392 2169 etiam
413 2103 484 2170 aliis
504 2103 537 2170 in
562 2101 696 2170 dicendi
720 2102 902 2194 generibus
929 2101 1157 2187 usitatissima,
1199 2124 1269 2191 qua

76 2208 80 2215 '
154 2204 258 2271 verba
276 2203 489 2272 dubitationis
506 2206 620 2297 plena,
640 2205 862 2297 pronunciata
875 2204 1127 2297 significantius,
1148 2204 1269 2274 fortius

154 2314 354 2379 asseverant.

256 2408 324 2477 Hic
341 2431 423 2476 vero
441 2408 581 2500 optativi
597 2432 675 2478 cum
690 2410 855 2504 particula
871 2405 918 2484 ἄν
932 2408 1100 2476 coniuncti
1114 2430 1195 2477 usus
1213 2411 1270 2480 vel

123 2509 126 2517 ’
153 2535 269 2606 perse
285 2512 359 2603 ipse
374 2513 507 2604 prodit,
534 2536 594 2580 cur
609 2513 705 2582 haud
721 2513 821 2582 facile
836 2511 928 2602 quis,
954 2519 991 2578 ut
1005 2511 1118 2579 futura
1130 2513 1269 2600 indicet,

153 2617 254 2684 futuri
275 2616 316 2683 sit
339 2617 489 2707 optativo
512 2639 640 2686 usurus.
694 2617 810 2702 Quum
835 2615 923 2682 euim
947 2615 1014 2707 iarn
1037 2611 1195 2708 γίγνοντ’
1222 2616 1269 2689 ἂν

155 2726 191 2789 et
209 2714 347 2812 γένοιτ’
361 2717 407 2790 ἄν
423 2718 468 2786 ad
487 2742 541 2786 res
557 2719 687 2786 futuras
707 2718 914 2801 referantur,
941 2716 1023 2806 quid
1043 2740 1129 2810 opus
1143 2727 1193 2786 est
1213 2719 1269 2792 di-

328 2814 337 2842 Ι
428 2817 436 2838 ⁸
464 2818 478 2842 Ἰ
612 2822 620 2838 ⁸
680 2820 688 2837 ⁸
754 2822 762 2838 ο
798 2821 806 2836 ·
1119 2823 1128 2839 ο

24 2906 28 2911 ι
155 2845 233 2890 cere
253 2847 421 2915 γενησοιτ
453 2816 527 2892 ov?
553 2821 645 2906 Qum
663 2843 691 2888 sr
707 2843 781 2911 qurs
797 2829 844 2888 lta
858 2822 1071 2910 loqueretur,
1098 2820 1269 2890 videretur

154 2927 212 2992 iile
243 2925 434 3014 praeseutia
461 2948 501 2992 ac
531 2925 713 3017 praeterita
739 2923 933 2997 excludere.
993 2924 1036 2992 Id
1063 2947 1164 3011 vero,
1204 2926 1268 2994 uisi

156 3027 324 3119 quaedam
339 3029 440 3120 plane
460 3029 635 3121 singularis
650 3029 735 3096 ratio
754 3028 829 3095 fieri
842 3028 976 3114 iubeat,
1001 3050 1045 3096 ue
1071 3036 1165 3097 reete
1189 3029 1268 3118 qui-

156 3132 236 3201 dem
257 3132 369 3200 faciat.
421 3133 511 3201 Nam
532 3155 620 3222 quae
640 3132 756 3199 futuro
780 3131 894 3221 aliquo
909 3140 1066 3224 tempore
1088 3132 1163 3200 fieri
1182 3154 1267 3222 pos·

156 3245 248 3323 sunt,
274 3236 375 3302 etiam
387 3258 476 3302 nunc
492 3244 633 3327 possunt
647 3235 737 3321 fieri,
765 3243 799 3301 et
816 3234 996 3302 antefacta
1013 3257 1097 3304 esse.
1151 3235 1268 3320 Quare

155 3338 212 3404 vix
227 3346 312 3429 puto
329 3339 483 3428 exempla
504 3337 588 3404 illius
607 3338 880 3421 constructionis,
906 3360 994 3427 quae
1015 3361 1085 3406 nou
1103 3339 1269 3408 mendosa

157 3440 239 3528 sint,
270 3441 442 3506 inventum
468 3441 516 3506 iri
568 3439 674 3531 Apud
703 3439 965 3530 Aristophanem
997 3441 1133 3533 quidem
1161 3443 1266 3534 Vesp.

156 3540 269 3615 1094
284 3542 400 3610 recte
390 3564 458 3609 ram
471 3540 610 3634 legitur:

258 3691 302 3767 od
328 3687 397 3790 γάρ
419 3689 463 3788 ἦν
490 3690 576 3790 ἡμῖν
603 3690 696 3773 ὅπως

259 3798 364 3896 ῥῆσιν
390 3793 432 3870 εὖ
458 3799 568 3879 λέξειν
595 3798 791 3888 ἐμέλλομεν
817 3789 922 3887 τότ’,
951 3793 1036 3872 οὐδὲ

152 3988 155 3993 ¹
260 3895 547 4025 συκοφαντήσειν
572 3927 658 3971 τινα

259 3997 429 4098 φρόντις,
458 3999 540 4076 ἀλλ’
568 4000 661 4083 dcccc
686 4001 883 4097 ἑρέτηςέ-

257 4101 354 4177 σοιτ’
381 4102 540 4200 ἄριστος,

152 4279 219 4351 pro
234 4246 280 4336 ὃς
289 4253 350 4345 ἄν,
378 4262 419 4325 e'x
434 4255 527 4323 libris
543 4257 628 4324 Rav.
646 4267 681 4325 et
695 4255 781 4329 Veu.
798 4257 855 4346 qui
870 4254 963 4338 ὅςτις
978 4255 1024 4329 ἄν
1042 4255 1157 4327 habet.
1195 4256 1269 4326 Mi·

120 4379 228 4431 ιιιιιι
247 4382 328 4430 vero
352 4358 446 4453 apud
467 4354 723 4456 Lycurgum§
749 4355 809 4429 15.
830 4383 867 4452 p.
888 4359 973 4430 149.
998 4359 1115 4430 Reisk.
1139 4361 1268 4430 nullum
