2842 4920
557 360 720 425 cmm.
765 364 914 430 creo
1222 378 1287 444 ιω

171 545 448 717 ἷῗῖἱίιξὶὲἰεὶςῑοο
472 547 506 616 in
527 571 649 620 comm.
670 575 716 621 cr.
737 552 782 622 ad
816 552 906 630 Oed.
930 554 1004 626 Coi.
1032 558 1118 633 199.
1146 560 1282 640 Mosch.

217 803 272 900 τῷ
289 801 325 878 δ’
340 799 410 898 tyci
424 800 471 879 ου’
485 804 698 900 φθονέοιμι.

169 959 227 1028 nisi
240 945 297 1029 ille
312 960 446 1053 scripsit
458 956 547 1032 οὐδέ
557 955 594 1029 τ’
609 953 679 1053 tyci
695 961 910 1057 φθονέοιμι.
936 929 1085 1033 Theocr.
1096 965 1204 1035 ΧΧΙΙ.
1218 967 1277 1039 74.

422 1108 487 1186 οὐκ
501 1110 597 1208 ἄλλῳ
611 1143 652 1208 γε
664 1113 964 1211 μοχισσαίμοσθ’
978 1114 1039 1191 ἐπ’
1052 1112 1184 1216 ἀέθλῳ.

167 1267 306 1337 xxm
320 1265 382 1338 602

215 1416 284 1518 φῄς
296 1450 364 1516 μοι
378 1415 500 1494 πάντα
511 1414 640 1514 δόμεν·
663 1415 759 1514 τάχα
776 1419 811 1497 d'
824 1420 978 1518 ὕστερον
993 1422 1074 1499 οὐδ’
1089 1424 1159 1500 ἅλα
1170 1428 1274 1527 δοίης.

265 1576 333 1661 Qui
347 1587 460 1646 autem
476 1577 543 1644 loci
559 1599 628 1644 nou
645 1577 817 1645 debebant
833 1577 962 1666 afferri,
988 1579 1024 1646 hi
1039 1590 1131 1648 sunt:
1160 1584 1273 1672 primo

164 1676 220 1746 ubi
235 1682 405 1770 optativus
423 1681 569 1772 optantis
580 1689 646 1748 cst:
666 1680 777 1771 Soph.
794 1681 845 1748 Αἰ.
860 1679 948 1754 9114.
963 1705 1059 1750 meae
1076 1682 1130 1750 ed.
1146 1684 1271 1754 Aesch.

163 1782 228 1874 Ag.
252 1781 338 1853 225.
389 1783 522 1852 Deinde
540 1784 575 1850 in
598 1783 719 1873 quibus
740 1783 786 1855 civ
805 1783 928 1852 idonea
947 1785 1103 1853 codicum
1124 1789 1272 1856 auctori-

163 1893 228 1954 tate
242 1887 406 1972 firmatur,
431 1888 516 1954 utin
532 1888 616 1956 Plat
630 1887 775 1954 'I'ireaet
789 1910 825 1978 p.
843 1886 926 1956 166.
943 1890 983 1956 A.
1004 1889 1063 1956 ubi
1078 1888 1155 1956 cod.
1169 1891 1271 1960 Bodl.

162 1997 367 2079 etquattuor
383 2012 427 2058 cx
444 1990 609 2058 tredecim
628 1989 781 2058 Bekkcri
800 1991 908 2075 libro,
935 2001 969 2059 et
985 1991 1113 2082 Cratyl.
1128 1993 1214 2062 391.
1228 1999 1270 2066 Α.

161 2093 216 2160 ubi
230 2093 324 2161 idem
343 2093 445 2162 Bodl.
463 2103 497 2161 et
514 2117 556 2163 ex
572 2093 803 2186 duodeviginti
817 2093 968 2162 Bekkeri
986 2095 1078 2163 libris
1094 2119 1153 2164 sex
1169 2107 1270 2166 tuen-

160 2203 212 2263 tm
226 2194 285 2269 ἅν.
336 2195 429 2264 Tum
447 2197 556 2289 Soph.
573 2195 663 2269 Oed.
687 2197 761 2266 Col.
777 2195 837 2264 42.
854 2199 912 2265 ubi
926 2198 1003 2267 vide
1024 2221 1112 2289 quae
1135 2204 1268 2270 notavi-

160 2321 241 2369 mus,
266 2301 376 2368 Porro
384 2296 559 2393 A'ristoph.
576 2303 640 2371 Av.
656 2298 740 2369 180.
756 2302 817 2368 ubi
833 2301 1047 2370 scribendum
1057 2300 1191 2371 videtur
1205 2303 1269 2386 ὥς·

159 2427 224 2496 περ
244 2404 326 2498 εἴπῃ
341 2429 407 2483 τις.
459 2404 567 2497 Apud
588 2402 799 2496 Aeschylum
821 2405 945 2497 Suppl.
960 2400 1048 2478 735.
1069 2405 1199 2474 facilior
1218 2416 1268 2475 cst

158 2503 321 2574 Erfurdtii
336 2508 548 2591 coniectura,

207 2662 291 2741 ἴσως
304 2653 374 2759 yde
390 2658 436 2732 cir
449 2654 559 2759 νήροξ
574 2688 629 2742 τις
643 2658 665 2758 ἢ
680 2659 836 2757 πρέσβυς
848 2651 976 2752 μόλοι·
1021 2662 1026 2669 ’

157 2837 361 2904 quemquam
386 2837 455 2883 uon
478 2816 709 2884 contenderim
728 2837 797 2882 non
819 2813 970 2904 potuisse
992 2814 1097 2882 omitti
1120 2812 1175 2886 civ.
1227 2816 1266 2884 ln

155 2916 274 3010 Eurip.
295 2918 432 2987 Heracl.
454 2915 540 2987 527.
556 2919 743 3011 particulae
759 2917 797 2988 δέ
818 2914 877 2986 καί
897 2916 1037 3008 μᾶλλον
1051 2918 1209 3004 faciunt„
1228 2930 1266 2987 ut

155 3043 222 3088 uon
238 3021 338 3089 vaide
353 3021 558 3089 laudandum
576 3030 695 3112 putem
715 3019 945 3108 Scaligerum‚
972 3019 1030 3105 qui
1052 3022 1183 3110 πρέποι
1197 3044 1264 3109 pro

155 3125 284 3218 πρέπει
313 3125 530 3195 scribendum
558 3121 765 3193 iudicaverit.
816 3119 871 3187 De
899 3117 1008 3209 Soph.
1036 3121 1151 3211 Antig.
1176 3120 1262 3190 912.

154 3227 230 3294 vide
244 3249 333 3316 quae
348 3226 507 3297 adnotavi
523 3227 568 3296 ad
581 3250 657 3296 eum
675 3228 788 3294 locum
804 3247 836 3294 v.
855 3220 941 3289 9113.
959 3243 1054 3289 meae
1073 3221 1127 3289 ed.
1156 3223 1263 3291 Deni-

153 3352 219 3419 que
233 3330 317 3398 iliud
334 3332 434 3400 vaide
451 3333 572 3418 miror,
598 3331 692 3422 quod
707 3354 744 3420 p.
765 3326 852 3395 134.
872 3348 892 3393 a
909 3324 1097 3394 Schacfero
1111 3326 1146 3393 in
1168 3351 1264 3396 erro-

152 3455 224 3501 rem
238 3434 363 3503 obduci
379 3459 415 3503 se
426 3459 545 3529 passus
558 3445 608 3504 cst
622 3433 800 3526 Reisigius.
841 3431 930 3498 Nam
946 3427 1039 3518 quod
1057 3430 1113 3497 ille
1132 3431 1177 3497 ad
1191 3433 1263 3499 Po-

153 3537 281 3629 sidippi
292 3560 426 3606 versum
439 3541 473 3606 iu
486 3540 588 3606 Poesi
602 3560 716 3631 gnom.
732 3560 768 3628 p.
783 3530 867 3601 195.
885 3533 982 3619 dicit,
1007 3534 1041 3600 in
1056 3533 1166 3602 verbis

201 3688 312 3788 ποίην
327 3718 384 3771 τις
402 3684 549 3784 βιότοιο
564 3684 664 3787 τοίμῃ
681 3688 829 3785 τρίβον,

150 3852 186 3911 ut
199 3867 242 3914 ex
257 3845 335 3918 cod.
359 3846 464 3915 edidit
480 3843 682 3933 Brumkim,
709 3841 895 3936 optativum
914 3835 1052 3906 defendi
1071 3835 1260 3909 Metrodori
1327 3841 1329 3845 ’

148 3948 308 4038 parodia,

199 4100 379 4198 παντοίην
394 4095 542 4194 βιότοιο
559 4092 691 4194 τοίμοις
706 4095 853 4196 τρίβον,
969 4126 973 4136 ’

149 4277 365 4348 nequaquam
379 4280 497 4327 verum
513 4265 573 4324 est.
625 4253 849 4345 Posidippum
862 4247 969 4335 euim,
995 4256 1035 4316 ut
1053 4247 1110 4338 qui
1127 4245 1259 4316 delibe-

148 4369 255 4443 raret,
289 4362 499 4431 coniunctivo
527 4360 574 4428 uti
602 4380 740 4429 necesse
762 4363 854 4439 erot3
886 4351 1105 4422 Metrodorus
1136 4357 1258 4435 autem,

971 4468 1048 4539 Lz
