2842 4920
137 1455 223 1544 nn
272 1454 599 1546 Mnusvaa
645 1455 1055 1567 vrnrvsovn
1096 1461 1163 1547 a..
1388 1480 1398 1512 .

535 1739 744 1754 n*-

95 1931 206 2043 Nihil
230 1977 281 2039 est
301 1970 396 2062 quod
422 1970 642 2040 demonstrari
666 1978 831 2060 nequeat,
856 1970 980 2062 siquis
1005 1970 1133 2042 habere
1148 1982 1201 2043 te-

96 2081 179 2161 stes,
213 2097 316 2163 quam
348 2074 456 2142 bonos
488 2073 617 2143 habere
651 2074 751 2143 satius
785 2073 897 2142 ducat.
928 2073 1140 2148 '1daccidit
1166 2079 1202 2146 in

94 2199 250 2245 mensura
276 2176 322 2250 civ
346 2177 551 2269 particulae,
577 2185 649 2245 tum
668 2177 755 2265 eius,
781 2200 884 2268 quam
903 2179 1121 2271 potentialem
1136 2203 1200 2249 vo·-

95 2289 186 2368 cant,
221 2281 424 2365 tumidius,
457 2304 544 2371 quae
578 2303 620 2348 ex
645 2274 709 2352 ἑοῖν
744 2289 916 2347 contracta
952 2291 986 2350 et
1011 2281 1057 2355 alc
1094 2292 1128 2351 ct
1155 2282 1201 2382 ἢν

92 2383 341 2474 pronunciatur.
401 2382 449 2451 Et
479 2385 512 2451 in
537 2383 596 2449 illa
623 2380 760 2471 quidem
784 2384 970 2472 permirum
995 2407 1036 2450 ac
1060 2408 1200 2475 prorsus

92 2486 287 2554 incredibile
313 2495 419 2576 esset,
450 2487 478 2553 si
502 2485 613 2553 brevis
641 2493 729 2551 esset
754 2484 899 2573 syllaba,
935 2507 1023 2573 quae
1045 2509 1088 2554 ex
1113 2509 1200 2559 cou-

91 2590 255 2657 tractione
287 2601 366 2657 nata
399 2598 467 2675 cst,
501 2587 698 2681 praesertim
727 2607 832 2675 quum
851 2586 964 2676 ipsum
989 2581 1070 2672 ἐάν,
1103 2591 1199 2679 quod

91 2694 219 2783 primus
246 2692 483 2760 animadvertit
504 2689 773 2784 diligentissimus
799 2689 916 2757 talium
940 2712 1054 2759 rerum
1077 2692 1197 2764 obser-

55 2856 58 2861 .
90 2805 188 2865 vator
220 2796 259 2865 P.
291 2795 491 2882 Elmsleius,
532 2796 684 2862 ultimam
723 2793 849 2861 habeat
883 2789 1093 2885 productam.
1156 2798 1198 2866 ld

91 2899 252 2990 exemplis
286 2899 494 2966 confirmavit
519 2897 565 2973 G,
592 2896 785 2966 Diudorfius
823 2894 953 2965 duabus
979 2898 1014 2965 in
1040 2898 1197 2969 editioni-

89 3001 153 3070 bus
176 3001 410 3093 Aristophanis
438 3001 483 3069 ad
496 3001 627 3093 Vespas
653 3022 684 3067 v.
704 2996 789 3070 228.
812 2999 886 3081 illa,
924 3022 1012 3088 quae
1033 3023 1064 3070 a.
1084 2999 1196 3082 1825.

87 3105 232 3197 prodiit,
269 3115 304 3176 et
335 3104 504 3197 copiosius
536 3105 571 3172 in
596 3103 790 3179 novissima.
845 3101 938 3171 Addi
962 3113 1113 3194 possunt¹
1130 3106 1196 3175 alia
1330 3142 1335 3163 ι

89 3209 260 3304 exempla,
300 3216 338 3277 ut
364 3209 400 3279 iu
431 3207 636 3299 Appendice
669 3204 716 3272 ad
745 3204 932 3280 stobaeum
963 3207 1057 3297 apud
1091 3207 1194 3278 Gais-

87 3310 237 3379 fordium
261 3313 333 3385 vol.
355 3311 412 3379 lv.
447 3333 482 3404 p.
508 3308 569 3378 76.
597 3319 634 3385 et
653 3328 742 3398 quae
766 3309 853 3376 infra
878 3308 1071 3379 afferentur.
1122 3311 1193 3379 Pa-
1318 3364 1320 3368 -
1401 3414 1405 3422 ι

86 3422 135 3484 tet
168 3437 252 3512 ergo
283 3415 403 3504 quibus
436 3413 581 3512 pedibus
605 3413 742 3481 incedat
766 3411 823 3482 hic
851 3435 967 3482 versus
993 3415 1087 3506 apud
1108 3414 1191 3484 Sto-

85 3516 209 3591 baeum
230 3512 373 3590 xxvfl.
401 3515 447 3606 8,
470 3515 505 3585 3.

188 3648 253 3730 ἑοίν
279 3647 473 3752 &cooperias
498 3679 573 3742 τις,
599 3645 711 3733 αὐτός
735 3647 879 3734 εὐθέως.

83 3808 203 3899 ltaque
216 3808 423 3877 Philemonis
444 3829 559 3876 versus
585 3806 678 3897 apud
704 3805 861 3876 eumdem
885 3806 977 3881 xvl.
998 3805 1032 3876 l.
1059 3808 1094 3875 in
1118 3829 1191 3897 quo
1328 3836 1332 3843 ¹

83 3904 156 3986 solu-
174 3913 372 4004 legebatur‚
408 3911 456 3981 sic
476 3909 690 3980 scribendus:

178 4023 233 4141 >dr
259 4065 313 4148 οἷς
338 4067 499 4160 ἔχωμεν,
525 4065 641 4145 coieris
660 4060 751 4162 μηδὲ
775 4056 965 4160 χρώμεθα.

79 4217 178 4287 Idem
202 4219 319 4288 vitium
344 4218 436 4289 xlv.
461 4217 496 4287 3.
558 4217 731 4309 Euripidis
756 4217 832 4288 libri
856 4218 1029 4304 meliores,
1056 4214 1102 4313 ἢν
1115 4164 1185 4284 'ol'-

79 4321 247 4411 ferentes‚
280 4331 505 4397 removerunt.
566 4321 773 4404 Tollendum
805 4321 905 4393 etiam
930 4344 973 4390 ex
997 4320 1065 4388 elio
1094 4318 1183 4387 Phi-
