2842 4920
148 359 211 421 1⁹4
486 350 545 412 DE
575 349 846 412 Promovit
866 345 912 413 dv

146 555 189 614 ιιι
207 537 339 624 ocd’
314 567 372 629 αν,
399 544 459 612 ἵνα
468 531 539 634 γοῖρ
553 537 610 625 ἄν,
636 539 681 608 de
694 562 813 630 quare
829 547 881 609 est
892 539 980 607 libro
992 538 1105 631 primo
1116 537 1257 611 dictum.

153 647 241 717 (ium
260 643 399 712 coeteris
415 651 527 711 autem
545 642 640 712 verbi
653 645 762 714 modis
779 640 1039 712 coniunctum
1013 669 1080 730 αν,
1107 643 1260 732 sequitur

151 748 308 819 eumdem
325 746 496 838 regulam,
522 753 560 813 ut
579 749 686 816 verbo
709 747 754 816 ad
773 746 867 847 quod
887 747 1034 838 pertinet
1053 745 1260 831 subiciatur,

151 861 189 922 ut
206 848 385 941 εἶχονοῖνι
411 843 533 940 ἔχοιμ’
549 846 609 938 ἄν,
637 851 733 940 ἔχειν
749 850 813 938 οἷν,
839 847 997 940 ἔχωνοῖν
1050 848 1122 917 Sed
1133 849 1269 927 horum,

152 955 334 1024 verborum
352 952 507 1042 quoniam
525 973 565 1019 ea
583 952 730 1022 conditio
747 962 824 1038 est,
834 962 871 1020 nt
883 953 1097 1045 plerumque
1098 975 1168 1019 nou
1186 953 1260 1019 solu

152 1081 216 1150 per
233 1079 269 1125 se
289 1056 485 1124 sententiam
499 1056 710 1146 compleant,
738 1056 798 1125 sed
821 1056 997 1123 coniuncta
1022 1054 1160 1123 demum
1180 1077 1259 1122 curn

154 1162 225 1229 aliis
241 1160 380 1228 vocibus
394 1158 561 1252 integram
575 1160 746 1227 notionem
761 1159 949 1242 conficiunt,
968 1158 1114 1270 perinde
1125 1166 1177 1225 est
1189 1180 1260 1246 quo
1288 1157 1294 1168 '

152 1267 230 1332 ioco
257 1271 402 1354 ponatur
432 1259 496 1346 οῖν,
527 1259 714 1330 dummodo
746 1263 877 1330 locetur
903 1269 983 1352 post
1011 1283 1113 1328 unam
1142 1283 1261 1328 earum

153 1388 295 1454 vocum,
329 1386 371 1432 ex
391 1364 511 1453 quibus
533 1373 662 1432 constat
685 1367 742 1433 illa
764 1386 852 1455 quae
875 1363 1056 1432 efficiendo
1082 1372 1132 1432 est
1155 1364 1259 1431 notio.

153 1469 201 1538 Vt
215 1466 308 1558 quod
327 1463 425 1536 εει
392 1493 489 1556 ιιχον
499 1463 545 1539 υῖν
560 1461 763 1590 πρόφασιν,
789 1469 869 1536 licet
883 1468 982 1536 etiarn
997 1468 1044 1535 sic
1058 1466 1135 1551 dici,
1161 1460 1261 1589 πρό-

156 1598 267 1667 φασιν
283 1567 328 1642 οῖν
343 1565 459 1660 εἶχον,
485 1569 539 1636 rei
554 1562 740 1664 πρόφασιν
756 1566 854 1662 εἶχον
876 1568 921 1643 ἄν
931 1624 945 1659 ,
971 1566 1081 1638 vei
1048 1597 1145 1659 ιιχου
1167 1561 1261 1662 πρό·

156 1700 267 1794 φασιν
286 1670 353 1761 οῖν,
386 1681 423 1740 ut
444 1671 537 1764 apud
557 1672 784 1765 Demosth.p.
808 1669 920 1758 1105,
940 1671 973 1740 2.
999 1675 1034 1745 εἰ
1050 1669 1261 1761 μὲντοίνυν

153 1769 207 1873 μή
153 1767 551 1892 μπροςεμαρτῖρουν
569 1774 619 1894 τῇ
641 1770 832 1899 προκλήσει
856 1769 925 1871 τήν
940 1770 1118 1870 διαθήκην
1141 1769 1260 1862 οὗτοι,

157 1877 265 1970 λόγον
286 1873 360 1964 ιῖχέ
372 1871 448 1947 τιν’
470 1874 516 1947 οῖυ
533 1868 579 1947 ud
595 1905 741 1971 φευγειν
759 1877 822 1970 ἐμὲ
845 1873 1003 1971 υῖνοῖγειν
1024 1905 1067 1950 το
1082 1903 1261 1997 γραμμα-

156 1987 264 2053 τιῖον.
319 1978 589 2047 Consentaneum
609 1990 661 2048 est
690 1991 820 2070 antem,
846 1981 918 2049 fere
941 1991 1019 2073 post
1037 2003 1140 2048 unam
1160 2001 1203 2046 ex
1223 1980 1261 2047 iis

156 2082 294 2150 vocibus
307 2081 407 2171 poni,
433 2078 602 2170 inquibus
617 2085 722 2151 maius
739 2084 876 2173 aliquod
897 2094 1106 2152 momentum
1120 2092 1182 2152 est.
1216 2082 1263 2151 Vt

157 2183 250 2275 apud
269 2184 467 2273 Lycurgum
478 2205 512 2273 p.
530 2179 616 2255 165.
641 2184 744 2272 (242.
761 2181 795 2280 ς.
810 2183 870 2255 39.
886 2185 1013 2275 Bekk.)
1040 2185 1162 2257 καίτοι
1178 2212 1247 2257 κατ

157 2284 311 2364 ἐκείνους
331 2279 416 2364 τοῖς
441 2277 608 2375 χρόνους,
636 2282 824 2381 οῖοῖυδρες,
850 2286 903 2366 τῖς
919 2283 982 2359 οὐκ
1000 2286 1044 2358 οῖν
1065 2281 1133 2380 τῆν
1156 2281 1263 2361 πόλιν

157 2390 324 2486 η’λεήσεν,Ι
349 2385 471 2454 Maluit
486 2387 549 2472 sio,
576 2410 678 2476 quam
700 2389 753 2471 τίς
775 2389 819 2460 οῖν
842 2385 907 2462 ου’κ
925 2386 1064 2508 ἡλῖηοε,
1091 2392 1173 2478 quia
1194 2410 1263 2459 non

158 2488 627 2584 quiemieerieoreuonsoit,
647 2493 708 2561 sed
717 2493 796 2585 quie
806 2492 1262 2564 immisericoredieerevo-

156 2596 256 2663 lebat
310 2593 470 2684 Thucyd
486 2594 529 2662 ll
548 2593 608 2668 ll.
631 2595 762 2669 οὔκουν
783 2589 871 2717 χρή,
898 2597 935 2668 εὶ
946 2596 1262 2690 τῳκαὶδοκουμεν

157 2691 328 2788 πλήθει
311 2700 451 2768 επιέναι
475 2724 532 2766 και
526 2692 729 2792 αόφοῖλεια
747 2692 918 2792 πολλη
884 2724 978 2769 ειναι
997 2695 1051 2794 μή
1076 2698 1121 2772 ἄν
1140 2703 1263 2773 ε’λθεῖν

91 2886 95 2893 ,
158 2825 243 2878 τους
259 2796 443 2877 ἐναντίους
463 2793 549 2894 ἡμῖν
563 2794 767 2898 διαμάχης,
794 2794 930 2873 τούτου
948 2805 1052 2873 ἔκενα
1070 2803 1263 2895 α’μελέσνε·

159 2896 225 2998 ρόν
245 2928 284 2972 τι
304 2902 659 3029 popeoxeooopevovc
680 2909 818 2999 χωρεῖν.
871 2903 1046 2973 Demosth
1062 2929 1098 2995 p
1122 2900 1210 2991 295,
1227 2902 1261 2974 8.

161 3002 214 3083 τῖς
230 3001 311 3092 ουχι
326 3004 548 3077 κατέπτυσεν
565 3002 610 3078 οῖν
625 3032 720 3078 σου..
754 3007 904 3074 Pertinet
919 3016 1033 3075 autem
1050 3008 1094 3075 ad
1114 3006 1182 3074 hoo
1197 3000 1262 3098 ge-

159 3130 221 3175 nus
241 3107 341 3174 etiam
358 3104 437 3193 κατ’,
466 3127 569 3194 quum
585 3109 722 3197 quidem
737 3108 824 3177 haec
839 3111 960 3177 vocula
980 3133 1047 3178 non
1063 3118 1113 3179 est
1131 3110 1263 3200 simpli-

162 3212 244 3279 citer
265 3210 404 3301 copula,
432 3208 493 3277 sed
518 3213 634 3301 paullo
663 3213 835 3280 fortiorem
863 3212 1076 3296 hebetum,
1108 3221 1147 3280 ιιι
1168 3213 1264 3302 quasi

90 3386 93 3389 ,
160 3328 225 3403 pro
243 3310 463 3395 affirmttione
481 3312 626 3400 quadam
646 3315 697 3387 sit.
751 3314 945 3383 Herodotus
963 3317 1021 3389 lv.
1038 3314 1123 3384 118.
1138 3314 1198 3388 καὶ
1218 3314 1264 3387 οῖν

58 3456 61 3470 =
93 3436 97 3449 ‘
161 3407 300 3503 ἐδήλου.
353 3413 399 3480 Ει
427 3413 569 3482 fortasse
591 3416 750 3508 Thucyd.
780 3416 951 3489 1111168.
976 3420 1107 3508 dequo
1130 3420 1209 3486 ioco
1231 3441 1261 3486 v.

150 3537 262 3608 'supra
278 3515 335 3584 lib.
352 3516 411 3588 111.
433 3540 461 3584 c.
480 3515 515 3591 4,
543 3517 614 3587 Sed
637 3542 704 3588 non
728 3520 817 3588 cadit
836 3521 904 3588 hoo
921 3522 955 3589 in
974 3516 1065 3595 ἄλλα
1081 3520 1177 3614 opud
1195 3521 1263 3590 So-

149 3619 321 3710 phoclem
334 3620 448 3711 Antig.
464 3616 549 3687 465.

246 3820 379 3910 οὕτως
405 3825 540 3948 ἔμοιγε
553 3825 662 3897 τοῦδε
688 3825 756 3898 τοῦ
782 3800 897 3922 πόνου
924 3831 1046 3916 τυχεῖν

148 3958 153 3964 ·
264 3951 339 4020 παρ,
347 3922 488 3999 ὀυ’δὲν
514 3924 640 4020 ἄλγος,
674 3923 753 4001 οῖλλ
780 3928 826 4001 οῖν
854 3931 888 4001 ιί
909 3923 976 4002 τον
1003 3933 1037 4011 ἐξ
1064 3926 1151 4023 ἐμῆς

148 4061 152 4066 ·
264 4022 398 4124 μητριῖς
425 4022 581 4102 θανόντ
608 4027 781 4106 ἄθαπτον
807 4024 964 4131 ἐσχόμην
990 4033 1114 4118 νέκυν,

265 4127 394 4211 κείνοις
419 4130 465 4205 οῖν
490 4129 630 4229 ἤλγουν
1245 4132 1251 4139 ’

165 4333 207 4401 ld
223 4333 312 4402 enim
334 4343 516 4426 propterea
536 4337 584 4406 sic
605 4337 673 4405 dici
693 4337 829 4427 debuit,
855 4338 934 4429 quia
951 4332 1032 4411 ἀλλ’
1046 4333 1092 4408 οῖν
1117 4333 1265 4426 011Ρῇ06
