2842 4920
420 284 713 346 lhcfluolfflmvm
736 287 848 347 LIBER
868 287 1021 353 PlllldVS.
1206 295 1272 360 850

270 473 362 546 XXI.
399 475 437 542 P.
455 473 516 546 67.
543 474 851 561 „Demosthenico
867 499 897 544 c.
917 476 1102 548 Aristocr.
1123 502 1163 575 p.
1181 479 1269 566 621,

166 580 201 648 8.
222 602 277 670 sq.
304 579 363 651 ed.
392 576 515 648 Reish.
541 577 741 671 Dionysius
760 576 883 649 Helie.
908 582 955 650 de
976 583 1139 675 Compos.
1165 583 1267 654 Vero.

159 708 199 776 p.
217 680 303 751 194.
330 681 385 750 sic
404 680 535 750 habet:
561 681 643 776 περὶ
663 676 799 755 τούτου
823 682 948 755 τοίνυν
969 684 1048 757 ἐστι’
1062 711 1128 776 μοι
1143 684 1268 761 ἅπασα

166 778 315 879 σπουδή.
370 784 470 880 Quid
492 784 588 853 illud
615 781 769 856 volvor?
830 784 974 856 Orator
1001 788 1148 859 videtur
1171 791 1268 860 scri-

158 889 300 982 psisse:
335 887 416 980 περὶ
436 882 570 959 τούτου
587 886 666 958 ἐστι’
684 915 751 977 μοι
776 885 1136 989 ἅπασαὴσπαυδή.“
1187 885 1267 963 Ρια-Ι
1333 909 1341 914 “

163 993 262 1083 petiit
283 989 372 1057 hanc
397 991 623 1058 coniecturam
646 990 678 1057 in
699 991 843 1059 editione
864 993 938 1061 libri
957 995 1060 1083 illius,
1087 995 1255 1066 cuiMele·

164 1103 288 1163 temata
308 1094 471 1179 adiunxit,
494 1119 528 1186 p.
548 1091 634 1160 380.
678 1090 871 1184 Oportebat
886 1119 968 1164 vero
987 1083 1054 1165 non
1068 1098 1175 1168 fidere
1190 1101 1264 1168 vul-

163 1209 265 1291 gatae
284 1198 488 1288 scripturae,
513 1196 575 1264 sed
597 1196 750 1293 conferre
764 1199 938 1282 Aldinam,
962 1201 994 1268 in
1016 1224 1083 1291 qua
1107 1201 1265 1275 noneol-

164 1330 239 1385 roo,
260 1300 320 1368 sed
336 1303 398 1371 ιῦι
417 1311 476 1372 est.
504 1300 574 1368 Sed
591 1310 730 1386 constat,
758 1325 834 1368 eum
850 1312 883 1369 et
896 1303 954 1369 illo
970 1304 1004 1370 in
1019 1305 1106 1372 libro
1121 1305 1266 1394 edendo,

165 1415 197 1472 et
219 1404 413 1495 saepissime
433 1405 467 1471 iu
491 1404 529 1471 iis
551 1426 640 1493 quae
661 1404 862 1472 emendandi
888 1429 1006 1474 caussa
1029 1407 1148 1496 affert,
1174 1410 1266 1478 anti-

163 1532 247 1599 quos
257 1508 360 1575 hbros
373 1506 773 1600 inspicere'dedignatum
790 1531 872 1578 esse
1101 1497 1107 1506 ¹

264 1661 373 1728 XXII.
417 1660 456 1731 Ρ.
474 1657 535 1727 68.
568 1659 700 1749 1,,Ίἀἰα
725 1682 846 1752 porro
877 1659 1070 1752 Euripidis
1106 1657 1264 1759 δαςθιή-

162 1792 280 1840 ornav,
309 1761 357 1832 ab
383 1763 463 1856 ipso
493 1761 696 1856 Scaligero
716 1786 792 1856 pro
818 1760 1189 1849 barbarororum,
1217 1766 1265 1835 de

162 1867 428 1959 praeiudicium
455 1865 615 1935 Porsooi
640 1866 873 1958 cupidissime
898 1872 1108 1959 exspecto.“
1151 1867 1264 1953 Quid-

160 1970 241 2061 quid
269 1970 313 2038 de
339 1993 381 2038 eo
408 1970 544 2038 sentiret
565 1970 753 2057 Personas,
785 1993 854 2039 nou
877 1970 1054 2038 videbatur
1079 1970 1161 2038 mihi
1186 1993 1264 2039 mo-

159 2072 269 2143 venda
284 2097 357 2143 esse
370 2096 437 2142 vox
451 2072 579 2140 munita
594 2073 758 2164 obsequio
781 2074 851 2143 eius
871 2074 929 2164 qui
947 2074 1099 2142 Rhesum
1122 2073 1262 2166 scripsit

260 2211 386 2278 XXIII.
416 2209 455 2277 Ρ.
470 2209 530 2279 73.
557 2207 789 2303 „Xenophon
811 2210 848 2281 ιἰι
874 2210 1007 2280 Oecon.
1041 2210 1078 2279 V.
1097 2209 1132 2280 4.
1158 2212 1312 2293 vide-19

159 2323 220 2383 tur
245 2314 460 2406 scripsisse:
498 2315 556 2386 καὶ
578 2307 647 2408 γαῖρ
672 2318 710 2386 ἐν
734 2316 787 2407 τῷ
816 2307 917 2409 χώρῳ
943 2313 987 2396 oie
1008 2319 1046 2388 ἐι
1069 2314 1122 2408 τῷ
1143 2313 1259 2406 αἷστει,

158 2413 214 2488 αἰεὶ
236 2445 265 2489 ιι.
288 2445 320 2487 τ.
343 2423 404 2488 λ.“
463 2415 640 2507 Agricolas
664 2415 841 2483 adsuelieri
869 2419 980 2507 primo
1001 2438 1101 2484 mane
1123 2440 1262 2511 surgere

158 2520 284 2588 docens
305 2518 501 2610 Xenophon
523 2518 611 2585 haec
637 2517 746 2586 additt
772 2516 832 2588 καὶ
850 2512 919 2610 γαῖρ
944 2523 982 2592 ἐν
1007 2519 1061 2611 τῷ
1080 2511 1182 2612 χώρῳ
1201 2520 1261 2591 καὶ

157 2629 197 2696 ἐι
209 2625 262 2716 τῷ
279 2620 380 2694 ἄστει
398 2617 455 2693 oiri
473 2621 513 2694 ἐι
526 2617 602 2715 ὥρᾳ
616 2625 656 2692 αἱ
671 2613 973 2713 ἑπικαιριώταπαι
994 2612 1138 2710 πράξεις
1161 2621 1260 2692 εἰσίν.

156 2729 324 2818 Apertum
350 2732 416 2813 est,
444 2723 635 2816 corrigendi
660 2723 786 2791 nullam
807 2745 960 2790 caussam
980 2745 1070 2791 esset
1096 2745 1173 2790 nam
1189 2723 1259 2792 duo

155 2831 212 2897 illa
233 2830 292 2901 καὶ
309 2828 353 2896 ad
370 2853 406 2897 se
421 2829 564 2897 invicem
582 2827 786 2896 referuntur:
820 2823 871 2895 sin
886 2835 1018 2917 tamen,
1044 2848 1123 2894 usus
1141 2826 1258 2917 requi·
1373 2854 1375 2859 ·

155 2943 263 3020 reret,
290 2931 384 3024 quod
406 2930 618 3002 Schneidero
639 2931 673 2998 in
689 2939 837 2998 mentem
856 2930 965 3018 venit,
1000 2926 1112 3023 ὥσπερ
1137 2927 1196 3002 καὶ
1219 2935 1257 3010 ἐν

155 3037 209 3131 τῷ
231 3033 346 3108 ἄστει.
398 3036 579 3104 Praeterea
602 3048 680 3102 cum
700 3032 935 3125 Xenophontis
952 3031 1041 3103 libris
1063 3031 1162 3098 etiam
1175 3033 1257 3101 Sto-

154 3140 259 3208 baeus
277 3139 449 3210 consentit.
1378 3133 1382 3142 '

256 3274 380 3344 XXIV.
406 3276 446 3348 Ρ.
465 3271 527 3346 74.
554 3273 589 3340 in
602 3270 816 3364 Sophocleae
831 3270 945 3361 Tyrus
959 3271 1153 3363 fragmento
1164 3270 1254 3364 apud

152 3380 283 3449 Aeliam
299 3379 346 3447 H.
362 3381 404 3448 A.
419 3378 479 3448 xl.
495 3374 555 3447 18.
582 3375 700 3444 ubido
718 3398 805 3466 equa
822 3384 890 3459 est,
1047 3397 1048 3400 ¹

204 3521 411 3589 σπασθεῖσα
439 3509 475 3587 δ’
494 3514 532 3587 ἐν
556 3510 706 3604 λειμαῖιι
728 3510 918 3603 ποταμίων
941 3507 1080 3593 ποτῶν,

152 3670 179 3737 si
208 3669 281 3760 quis
312 3669 377 3738 sibi
407 3665 589 3759 largiatur,
628 3664 775 3757 primam
802 3664 934 3731 literam
972 3670 1085 3730 namne
1113 3681 1187 3727 esse
1211 3682 1254 3728 ex

151 3774 268 3842 ultima
293 3773 385 3842 vocis
408 3790 649 3863 praegressae,
682 3768 748 3856 (ea
765 3789 833 3836 vox
854 3776 905 3836 est
924 3763 1020 3854 ὕπο)
1046 3763 1077 3832 ei
1093 3785 1129 3830 se
1152 3762 1252 3832 facile

149 3930 389 4002 recuruum
421 3907 503 3977 ‘¹³01‘
532 3915 569 3973 ε
597 3884 1007 4008 crrnceeroa
1047 3906 1193 3968 mutetur
1216 3901 1251 3968 n

154 4053 543 4141 mnneercs.
611 4037 699 4104 Eam
727 4043 818 4103 recte
850 4032 986 4122 ouem
1011 4035 1114 4130 unge
1140 4036 1251 4114 mno-

149 4192 223 4238 rem
238 4171 440 4240 medicinam
463 4195 565 4264 quam
583 4172 764 4258 Brunckii,
790 4165 951 4265 ιιύρσασα
969 4172 1160 4258 scribentis,
1188 4196 1247 4242 vo-

149 4283 219 4342 cat:
261 4275 322 4344 sed
356 4275 437 4344 mihi
476 4288 589 4345 tamen
629 4275 795 4344 medicine
834 4274 934 4343 etiam
968 4274 1026 4342 illo
1067 4277 1247 4349 πλαθεῖσα
