2842 4920
149 387 173 447 6
490 377 548 440 DE
570 374 846 441 utrumvel
867 370 916 439 όν

150 569 294 642 Aemilio
321 591 352 640 c.
379 567 440 640 32.
465 595 562 658 μετα
552 563 624 644 δέ
647 596 713 651 τας
730 559 961 664 ὁπλοφόρους
982 561 1122 662 οἷμόξας
1140 566 1268 667 ἄνδρες

152 667 373 771 ἐπορεύοντο
396 673 607 801 τριςηίλιοι,
637 667 805 766 νόμισμα
827 673 999 766 φέροντος
1018 668 1200 765 ἀργυροῦν
1227 680 1265 746 ἐν

152 775 309 871 ἀγγείοις
322 775 551 858 ἑπτακοσίοις
560 769 792 901 πογτήιιοντοι
810 768 1138 869 τριταλάντοις,
1108 804 1158 847 ων
1177 782 1266 849 ἐκα-

152 906 241 953 στον
269 874 342 952 civo
363 881 535 974 τέσσαρες
555 873 733 972 ἐνόμιζον.
784 877 840 946 Ex
859 877 926 944 hac
954 877 1058 968 igitur
1080 877 1267 947 adverbiali

150 991 319 1076 potestate
334 983 591 1075 praepositionis
605 977 700 1069 οἱνό,
727 979 944 1101 significantis
965 981 1180 1068 secundum,
1207 1004 1267 1050 cr-

151 1097 224 1154 tum
239 1084 411 1154 videtur
386 1114 442 1158 αν.
472 1087 561 1154 Nam
577 1085 784 1176 praepositio
801 1084 997 1176 priusquam
1008 1084 1043 1150 in
1059 1087 1266 1153 coniunctio-

151 1196 230 1258 nem
248 1199 419 1275 vertatur,
448 1189 482 1257 in
504 1189 702 1258 adverbium
726 1188 847 1256 abierit
868 1210 1008 1255 necesse
1022 1195 1093 1273 est,
1120 1191 1200 1279 qnia
1220 1191 1267 1258 sic

153 1292 290 1360 demum
311 1292 380 1361 sine
397 1293 532 1362 nomine
548 1292 649 1360 inseri
667 1291 809 1359 orationi
821 1297 945 1382 potest.
979 1290 1030 1358 lta
1048 1315 1090 1358 ex
1104 1295 1188 1388 πέρι
1202 1292 1266 1359 ad-

152 1396 281 1476 verbio,
308 1395 404 1484 quod
422 1406 472 1465 est
485 1395 608 1483 valde,
635 1395 725 1462 facta
740 1403 792 1463 est
813 1394 1004 1461 coniunctio
1023 1395 1104 1489 πέρ,
1130 1418 1267 1487 quam-

151 1499 218 1572 vis.
253 1497 359 1590 Igitur
375 1521 480 1588 quum
494 1499 680 1593 particulae
694 1496 740 1570 όν
756 1521 796 1566 ea
808 1497 935 1586 ubique
951 1496 1001 1564 vis
1016 1498 1068 1581 sit,
1093 1507 1131 1565 ut
1144 1499 1189 1565 ad
1204 1501 1267 1567 ali-

153 1625 255 1692 quam
271 1602 497 1670 conditionem
512 1602 687 1690 referatur,
715 1624 803 1691 quae
819 1600 968 1668 conditio
984 1623 1087 1692 saepe
1104 1601 1268 1695 adiungi--

150 1715 215 1790 tur,
231 1706 289 1772 ubi
306 1715 418 1773 autem
433 1728 502 1773 non
512 1713 561 1774 est
575 1704 702 1787 addita,
711 1706 831 1772 'tamen
847 1703 1110 1794 cogitaridebet,
1124 1714 1218 1796 patet
1232 1707 1267 1773 id

151 1810 264 1899 ipsum
280 1831 343 1899 per
358 1808 644 1899 praepositionem
659 1800 730 1876 οἷυοῖ
745 1805 897 1873 disertius
912 1806 1069 1874 indicari:
1102 1817 1141 1875 ut
1162 1831 1268 1898 quum

152 1911 293 1978 dicimus
303 1903 530 2030 ἐβουλόμην
522 1907 582 1996 ἄν,
601 1910 636 1979 εἰ
647 1902 841 2029 ἐδυνάμην,
856 1907 939 1995 quid
953 1908 989 1974 id
1000 1909 1091 1976 aliud
1106 1918 1157 1978 est
1165 1935 1268 2001 quam

152 2005 396 2105 ἐβουλόμην
372 2004 445 2082 aad
460 2011 592 2101 τοῦτο,
623 2038 656 2082 ει
649 2004 887 2130 ’ἐδυνάμηνέ
912 2020 970 2078 aut
992 2034 1097 2100 quum
1125 2037 1193 2081 non
1212 2016 1266 2083 di-

155 2125 244 2184 serte
267 2114 398 2182 adiecta
413 2112 640 2181 conditione
621 2106 686 2185 εοῖν
701 2113 782 2208 λέγη
789 2166 804 2201 ,
831 2109 926 2182 vel''
904 2140 995 2185 οταν
1012 2116 1120 2210 λόγη,
1148 2117 1250 2184 vel‘'
1229 2145 1268 2199 ος

154 2217 199 2289 όν
189 2218 296 2340 λέγη
305 2271 318 2304 ,
346 2193 427 2305 quid
442 2217 534 2284 aliud
548 2239 650 2338 qnam
666 2243 697 2288 ει
693 2211 839 2311 ’λέγη
813 2242 885 2287 ανοι
899 2216 1037 2304 τοῦτο,
1064 2219 1180 2310 λέγειν
1194 2216 1268 2290 ου’-,

153 2312 233 2408 τόν,
261 2329 295 2387 et
309 2316 372 2392 ὅτε
388 2315 511 2416 λέγη’
487 2347 558 2391 auu
572 2318 697 2399 τοῦτο,
723 2319 839 2410 λέγειν
856 2318 960 2406 ποτέ,
989 2320 1052 2386 et
1039 2317 1077 2399 ὀς
1095 2318 1219 2416 λέγη’
1195 2316 1274 2393 auci·

152 2424 291 2511 τοῦτο,
318 2423 433 2514 λέγειν
448 2418 563 2494 rauci?
588 2422 640 2490 lta
662 2429 825 2512 apparet,
850 2421 1100 2512 particulam
1075 2451 1122 2494 αν
1146 2423 1267 2492 condi-

152 2527 243 2594 tione
266 2525 424 2594 addenda
446 2525 482 2593 id
502 2524 596 2615 quod
618 2526 715 2593 aliter
739 2533 869 2593 certum
896 2524 1139 2615 definitumque
1166 2536 1265 2614 esset,

152 2629 316 2698 incertum
333 2638 366 2696 et
380 2629 546 2696 inlinitum
565 2627 721 2701 reddere.
776 2627 823 2694 Vt
837 2648 942 2714 quum
958 2626 997 2707 ὂς
1011 2631 1092 2724 λέγη
1117 2629 1266 2719 dicimus,

154 2732 254 2800 estid
279 2732 311 2800 is
335 2732 396 2824 qui
419 2732 540 2819 dicut,
560 2730 655 2821 quod
676 2737 728 2799 est
747 2730 896 2812 finitnm3
923 2729 962 2809 ὂς
981 2729 1026 2802 όν
1042 2733 1124 2828 λέγη
1138 2743 1264 2820 autem,

155 2835 365 2929 quicumque
394 2834 519 2904 dicat:
551 2832 645 2925 quod
666 2842 715 2901 est
735 2833 918 2920 inlinitum,
944 2833 1103 2922 quoniam
1125 2836 1266 2905 adeam

153 2939 343 3024 notionem,
378 2962 467 3028 quae
494 2938 695 3029 pronomine
717 2936 924 3021 continetur,
959 2937 1106 3004 conditio
1134 2941 1267 3009 accedit

111 3119 113 3123 ¹
154 3043 327 3108 veritatem
343 3042 427 3111 reie
453 3064 533 3109 casu
551 3041 690 3109 fortuito
709 3039 927 3130 suspendens.
980 3039 1079 3107 Vnde
1100 3045 1266 3133 particula

152 3145 215 3214 ista
237 3145 327 3212 dicta
351 3154 401 3214 est
428 3169 449 3215 a
474 3144 701 3237 grammaticis
724 3136 920 3235 σύνδεσμος
945 3137 1175 3240 οἷναιρετικός
1196 3149 1267 3221 τοῦ

154 3274 354 3341 γεγονοτος.

688 3449 730 3517 ll.

370 3600 1040 3674 Decollocatioue.

254 3754 314 3825 Ad
331 3755 587 3825 collocationem
610 3756 704 3847 quod
722 3756 856 3846 attinet,
890 3765 1010 3824 neutra
1033 3758 1239 3847 particula
1230 3785 1264 3828 ιιι

153 3858 321 3953 principio
338 3859 492 3927 orationis
513 3862 594 3962 poni
610 3868 739 3953 potest,
770 3880 839 3927 non
859 3876 1064 3951 praegressa
1080 3862 1145 3928 alia
1167 3885 1263 3932 voce.

153 3962 295 4050 Vtrique
321 3961 410 4029 enirn
429 3962 515 4030 inest
534 3963 702 4053 quaedam
721 3962 903 4031 sententiae
927 3962 1130 4050 debilitatio,
1159 3988 1265 4053 quum

155 4065 248 4155 quod
261 4064 357 4131 aliter
370 4063 414 4132 de
423 4088 490 4133 nna
502 4089 540 4135 re
555 4077 646 4136 certa
655 4067 833 4156 diceretur,
849 4064 894 4132 ad
910 4066 1055 4154 aliqnam
1072 4088 1091 4134 e
1105 4067 1259 4158 pluribus

154 4168 288 4235 incertis
299 4166 401 4235 rebus
416 4170 607 4240 transferatz
622 4170 755 4239 unde
727 4193 757 4238 er
767 4192 835 4238 non
851 4176 964 4258 potest
978 4170 1038 4237 nisi
1048 4170 1264 4240 secundarius

154 4271 273 4360 aliquis
287 4271 321 4336 in
337 4271 487 4339 oratione
499 4274 594 4342 locus
613 4273 761 4342 concedi.
794 4273 913 4360 ltaque
926 4270 988 4339 has
1005 4273 1187 4363 particulas
1206 4286 1265 4343 aut

152 4384 234 4466 post
261 4371 344 4441 illud
372 4374 531 4465 verbum,
563 4377 608 4445 ad
634 4377 727 4468 quod
749 4376 936 4469 pertinent,
964 4386 1021 4443 aut
1039 4385 1118 4467 post
1145 4400 1276 4445 eorum,
