2842 4920
177 376 241 440 2⁵8
311 375 367 434 DE
390 374 626 453 nuscum
647 373 942 434 PROllETHEO
963 373 1152 456 sotvro

176 564 291 631 bulam
314 564 424 647 illam,
450 584 518 629 uon
541 563 681 653 proprie
704 564 920 655 intelligenda
940 587 1013 631 esse
1034 563 1157 649 verba,
1184 565 1280 631 sicuti

177 664 353 753 viderunt,
380 688 482 755 quem
503 666 536 732 in
558 667 679 733 Vincto
702 665 782 734 dixit
802 667 958 762 μυριετῆ
974 660 1125 762 χρόνον,
1152 667 1279 734 infinite

179 792 250 838 esse
266 770 400 837 dictum.
453 769 606 836 Alterum
630 778 741 837 autem
764 781 925 859 quantum
946 771 1082 859 quaevis
1101 769 1278 838 hariolatio

178 873 277 941 valet.
331 871 511 941 Caeterum
540 871 682 940 Caucasi
704 874 906 941 mentionem
928 896 994 940 non
1016 870 1168 964 urgebo,
1202 873 1280 963 quia

179 999 221 1045 ex
234 974 363 1069 Hygini
377 977 569 1043 verbis'non
585 985 676 1043 certo
696 977 809 1069 colligi
825 985 956 1067 potest,
981 978 1189 1043 nominatum
1202 1000 1278 1045 eum

178 1088 326 1147 montem
345 1079 379 1145 in
395 1078 543 1169 lgnifero
566 1079 768 1147 Prometheo
790 1102 871 1147 esse.
924 1080 997 1146 Nec
1024 1079 1051 1146 si
1078 1081 1280 1147 nominasset

176 1182 387 1273 Aeschylus,
414 1192 619 1272 repugnaret
642 1182 722 1264 sibi,
750 1183 867 1271 utqui
895 1183 927 1249 in
951 1182 1071 1250 Soluto
1097 1192 1211 1250 tamen
1232 1184 1277 1250 ibi
1306 1244 1308 1248 Α

172 1285 315 1353 affixum
330 1285 448 1351 fecerit
463 1284 714 1357 Prometheum.

281 1386 352 1456 Sed
373 1410 414 1454 ne
437 1388 591 1455 Solutum
615 1389 751 1476 quidem
772 1387 1013 1455 Prometheum
1040 1397 1077 1454 ut
1104 1411 1172 1455 nna
1201 1410 1279 1454 cum

179 1492 299 1559 Vinoto
320 1491 353 1557 in
371 1513 505 1558 scenam
523 1490 726 1582 productum
747 1490 940 1575 credamus,
967 1515 1023 1558 eas
1041 1491 1206 1558 habemus
1222 1515 1278 1558 ra-

179 1596 301 1678 tiones,
335 1616 423 1682 quae
451 1593 657 1662 dubitatione
688 1617 816 1661 vacuae
842 1595 915 1661 sint.
968 1596 1057 1661 Nam
1088 1595 1278 1685 argumenti

179 1696 316 1787 quidem
333 1696 527 1766 continuitas
551 1720 654 1786 quam
675 1698 845 1788 speciosa,
870 1707 940 1764 tam
960 1698 1080 1765 eadem
1092 1697 1196 1763 fallax
1209 1706 1277 1765 estc

180 1800 273 1890 quod
294 1822 399 1887 quum
422 1800 499 1868 satis
530 1800 806 1868 demonstraverit
826 1801 1006 1868 Siivernius
1034 1801 1069 1867 in
1093 1802 1150 1867 illa
1177 1822 1278 1889 quam

179 1903 246 1970 dixi
262 1903 492 1970 dissertatione
510 1927 545 1994 p.
562 1900 612 1969 45
629 1927 699 1993 seq.
716 1926 783 1971 non
799 1904 884 1993 opus
900 1912 950 1972 est
963 1904 999 1971 id
1014 1928 1034 1971 a
1050 1903 1144 1971 nobis
1160 1904 1276 1994 repeti.

176 2008 238 2091 At,
264 2006 429 2094 inquient,
456 2007 489 2071 in
503 2008 576 2096 ipsa
596 2007 772 2097 superstite
794 2006 909 2073 fabula
931 2016 1023 2092 sunt,
1049 2030 1137 2095 quae
1155 2029 1277 2096 sequu-

176 2119 285 2176 turam
299 2131 372 2174 esse
386 2109 584 2176 solutionem
597 2109 792 2176 Promethei
807 2109 992 2177 ostendant.
1036 2111 1219 2179 Profecto:
1245 2118 1277 2178 et

173 2211 320 2303 primunr
336 2210 520 2298 quidemr.
540 2209 624 2277 176.

341 2447 481 2539 δεσμῶν
496 2437 655 2544 χαλαίσῃ,
682 2440 811 2527 ιιοινιίς
825 2475 865 2520 τι
880 2446 992 2535 τίνειν
1048 2462 1051 2470 “

341 2548 439 2647 τῆςδ’
456 2551 572 2631 αίνίας
587 2543 750 2648 ἐθελήσῃ.

174 2704 261 2771 Dein
282 2726 324 2771 eo
335 2703 433 2876 Ιῦοοο,
461 2704 505 2771 ad
526 2726 628 2794 quem
648 2701 847 2772 scholiastae
868 2701 1118 2773 adnotationem
1132 2708 1274 2799 protuli-

174 2829 265 2895 mus,
292 2829 322 2876 v
362 2805 413 2872 lo

341 2938 385 3015 od
401 2942 518 3014 ταῦτα
536 2934 652 3037 ταύτῃ
667 2933 782 3061 μαῖριί
796 2967 849 3012 ao
868 2934 1078 3037 τιλιςφόρος

340 3044 471 3169 uqdvou
488 3044 696 3140 ιιέιιρωται,
709 3042 866 3137 μυρίαις
882 3043 918 3115 δὲ
931 3052 1110 3163 πημοναῖς

341 3141 443 3228 διίαις
458 3176 498 3220 τε
514 3145 715 3278 ναμιμθιίς,
739 3143 806 3219 aide
824 3138 940 3238 δισμα
956 3142 1137 3241 φνγγαίνω.

149 3286 228 3367 SEt
250 3322 347 3388 mox,
373 3309 555 3390 postquam
579 3299 663 3365 lovi
674 3320 811 3387 quoque
829 3286 935 3365 fatum
959 3300 1177 3371 metuendum
1198 3326 1271 3372 esse

174 3401 437 3494 significaverat,
463 3424 495 3470 v.
515 3398 602 3473 521

338 3552 450 3626 ἄλλον
463 3546 571 3645 λόγον
587 3553 794 3672 μέμνησθε,
822 3547 974 3626 τόνδιδ
989 3549 1157 3648 οὐδαμῶς

339 3649 462 3753 ναιριίς
475 3661 658 3750 γεγωνεῖν,
686 3647 778 3726 ἄλλα
791 3658 1053 3748 σνγναλιιιτέος
1232 3676 1237 3681 ’

340 3756 428 3832 ὅσον
440 3753 618 3881 μάλιστα
645 3750 752 3830 ’τόνδε
766 3749 835 3853 γαίρ
851 3756 996 3845 eures
982 3752 1050 3852 syci

342 3855 533 3956 δεσμαυς’
508 3867 637 3941 αεαιιΐς
650 3858 710 3972 καί
725 3854 844 3940 ddoc’
826 3887 1046 3958 ενφυγγανα.

173 4011 219 4078 Et
239 4022 420 4103 postquam
441 3986 587 4107 apertius
606 3977 694 4091 ¹dirit
715 3988 843 4107 illade
867 4015 954 4095 filio,
990 4037 1093 4104 quem
1118 4016 1271 4112 luppiter

173 4138 268 4182 suam
280 4116 353 4206 ipse
368 4118 403 4184 in
421 4119 602 4208 perniciem
618 4117 787 4209 genitums
802 4126 907 4205 esset,
933 4117 978 4185 de
997 4141 1056 4185 sua
1074 4120 1272 4201 liberatione

171 4217 328 4307 loquens,
354 4240 385 4290 v,
401 4218 487 4288 874.

543 4349 687 4428 τοιόνδε
705 4349 868 4451 χρησμόν
884 4353 906 4453 η’
920 4352 1137 4456 παλαιγενής
1266 4394 1271 4405 ·
