2842 4920
341 338 634 405 INGREIIIBILIVII
656 339 766 403 LIBER
787 340 944 405 PRIMVS.
1128 343 1191 407 361

192 529 318 598 XXVI.
357 529 396 597 P.
419 524 482 598 85.
515 527 671 617 „Obila
692 553 839 620 moneo,
864 531 1062 625 vulgarem
1087 529 1193 602 illam

93 633 245 726 optativi
253 631 429 728 sormam
448 635 684 707 reddendam
702 635 822 706 videri
837 633 1035 729 Sophoclis
1061 635 1193 731 Antig.
1281 662 1287 667 ·

91 762 122 805 v.
139 736 226 806 414.
253 735 478 833 ubi'legam:

359 893 396 962 ai
416 918 473 973 τις
497 887 602 965 τοῦδ’
622 886 819 990 α’φειδήσοι
844 885 970 967 πόνου.

95 1042 301 1114 Braackias
326 1055 429 1115 recte
452 1045 579 1116 vertit:
605 1046 721 1136 siquis
744 1045 823 1114 huic
843 1045 953 1116 labori
977 1045 1085 1114 miuus
1110 1055 1197 1114 esset

94 1146 259 1215 adtentus.
267 1152 290 1190 ‘⁶
353 1148 446 1234 Quid
481 1148 528 1217 ad
560 1148 813 1219 defendendum
841 1150 936 1240 quod
947 1213 958 1222 ,.
967 1149 1043 1218 libri
1069 1148 1197 1218 habent
1254 1200 1257 1215 ,

95 1245 296 1345 cimitirium
324 1252 506 1340 attulerim,
544 1275 586 1321 ex
610 1253 648 1321 iis
680 1255 842 1347 cognosci
867 1263 998 1346 potest,
1032 1277 1120 1344 quae
1150 1251 1196 1321 ad

94 1352 188 1420 illum
216 1354 399 1446 Sophoclis
427 1377 562 1424 versum
582 1357 617 1424 in
643 1357 790 1426 editione
808 1379 886 1426 mea
911 1357 1079 1430 adnotavi.
1130 1359 1196 1426 At-

96 1477 163 1545 que
183 1458 256 1550 ipse
278 1458 483 1528 Schaeferus
502 1460 582 1528 illuc
600 1460 635 1527 in
650 1484 711 1531 sua
728 1460 835 1532 rediit.

198 1627 341 1703 XXVII.
380 1630 420 1698 In
446 1631 567 1700 eadem
592 1630 823 1701 adnotatione:
856 1631 1062 1718 „Eandem
1079 1627 1197 1697 medi-

98 1728 219 1797 cinam
260 1733 489 1803 admoverim
522 1732 729 1827 Soplrocieo
762 1733 989 1829 fragmento
1029 1731 1196 1803 Phaedr.

106 1831 211 1901 VIII.
244 1835 458 1906 scribendo.-
496 1834 589 1933 ᾦγε
615 1833 705 1919 Ζεύς
731 1833 939 1936 ἐφορμῆσαι
964 1829 1066 1910 raeci.
1127 1833 1198 1904 Ne-

99 1959 166 2029 que
191 1938 286 2006 caim
311 1938 513 2011 abhorreat
538 1939 586 2009 ab
610 1964 680 2010 asa
703 1941 810 2010 haias
818 1939 976 2036 formae
997 1941 1199 2033 scriptores

100 2039 232 2112 Attici:
222 2047 257 2085 '⁶‘
322 2045 446 2113 Versus
482 2045 529 2112 illi
560 2044 654 2137 apud
686 2045 872 2115 Stobaeum
904 2045 1024 2116 CVIII.
1057 2042 1118 2114 53.
1153 2044 1200 2114 sic
1248 2030 1252 2037 ¹
1327 2130 1330 2136 Ι
1364 1991 1366 1996 Ι

99 2144 214 2236 scripti
242 2145 417 2238 leguntur.

151 2302 257 2396 αἴσχη
281 2300 372 2393 μὲν,
404 2295 434 2373 oi
458 2306 642 2393 γυναῖκες,
676 2298 804 2377 οὐδ”
778 2330 826 2377 ar
851 2303 902 2385 εις
927 2295 1041 2425 polyer

150 2403 296 2498 βροτοῖο
321 2397 435 2491 add,
463 2399 492 2496 ᾧ
516 2404 576 2476 rai
601 2399 736 2484 chc’
718 2399 923 2527 εφορμήοοι
948 2397 1051 2478 acroi.

152 2499 281 2587 νόσους
306 2501 382 2579 δ”
357 2499 493 2602 aroiyrq
519 2498 586 2586 τοῖς
611 2500 814 2603 θεηλάτους
840 2509 974 2603 φέροιο

101 2677 143 2744 ln
159 2677 279 2766 quibus
300 2698 407 2766 quum
424 2698 493 2743 non
510 2676 617 2769 possit
642 2675 786 2744 dubitari
813 2676 893 2767 quin
910 2675 1109 2769 respiciatur
1129 2683 1203 2742 tur-

102 2782 155 2874 pis
180 2803 299 2869 amor,
326 2780 362 2847 in
386 2802 489 2869 quem
512 2778 667 2847 inciderit
690 2779 865 2868 Phaedra,
894 2782 966 2850 iure
992 2779 1205 2849 statuendum
1252 2778 1254 2783 ⁴

104 2894 155 2954 est
189 2883 399 2952 coniunctivo
433 2885 545 2975 potius
575 2883 737 2951 utendum
761 2885 871 2954 fuisse
928 2885 1061 2952 Malum
1093 2892 1206 2952 autem

103 3010 220 3058 versus
252 2988 397 3056 fulcrum
436 2986 495 3059 rai
529 2986 668 3055 credere
700 2988 836 3090 suadet,
875 2987 1088 3081 Sophoclem
1122 2985 1206 3056 scri-
1227 3054 1231 3059 .

103 3092 229 3185 psisse,
256 3090 331 3164 οἶσι
350 3084 487 3172 Zoric'
470 3084 658 3187 οφσρμήση
684 3071 788 3165 rauci.

150 3347 154 3355 ¹
208 3262 367 3334 XXVIII.
419 3263 459 3331 P.
493 3259 555 3331 8⁴6.
597 3261 745 3355 disputat
777 3259 876 3331 de*
852 3290 897 3360 ην
929 3284 1008 3329 cum
1045 3258 1209 3351 optativo,

107 3390 213 3458 quum
238 3365 321 3433 alios
347 3366 544 3456 scriptores,
559 3373 643 3444 ,tum
669 3365 800 3435 Antistii
826 3366 1055 3459 epigramma,
1081 3361 1116 3430 iu
1139 3384 1209 3452 quo

108 3480 159 3539 est
189 3469 233 3565 ἢν
269 3468 307 3542 di
333 3467 569 3566 παρεκβαίης,
610 3478 682 3537 tum
715 3469 857 3538 Maximi
889 3469 959 3537 duo
991 3466 1148 3558 exempla
1175 3473 1210 3532 et

107 3596 212 3643 unum
254 3571 472 3664 Hippocratis
510 3570 666 3656 afferens.
742 3574 796 3642 De
836 3573 979 3641 Antistio
1019 3570 1210 3654 monebam,

108 3676 328 3746 vehementer
361 3674 506 3743 dubitari
537 3699 641 3768 posse
674 3699 717 3744 au
741 3677 769 3744 is
798 3677 911 3768 potius
937 3673 981 3770 ἢν
1008 3674 1046 3747 δὲ
1072 3697 1211 3765 aanor·

109 3773 197 3877 βήῃς
232 3779 427 3871 scripsisset.
490 3779 544 3848 De
577 3780 683 3848 altero
715 3779 857 3847 Maximi
897 3781 974 3847 Ioco
1006 3774 1212 3846 Schaeferus

110 3884 177 3953 sic:
209 3883 345 3970 „Idem
370 3907 402 3951 a.
427 3879 513 3950 346.
547 3883 679 3952 iunctis
712 3882 875 3976 optativo
905 3892 940 3952 et
967 3877 1212 3950 coniunctiora:

110 3985 155 4082 ἢν
171 3988 323 4082 -πέλῃ
347 3985 431 4081 -ἢ
456 4025 495 4035 -
516 3979 746 4059 irariraor·“
794 3986 898 4054 Hunc
922 3986 1037 4054 Iocum
1057 3981 1213 4052 dicebam
1315 4000 1320 4007 ’

112 4090 139 4157 si
164 4089 349 4158 accuratius
375 4089 592 4180 inspexisset,
630 4111 697 4157 non
720 4089 897 4158 allaturum
922 4088 1043 4160 luisse·
1085 4085 1214 4156 corru-
1265 4178 1266 4181 Ἴ

112 4203 211 4286 ptum
238 4215 328 4279 esse,
356 4192 522 4282 scribique
549 4193 675 4261 debere
696 4192 763 4261 hoc
782 4190 904 4262 modo:
