2842 4920
457 300 635 393 'nrnn
679 332 832 401 carr.
1170 346 1214 411 σε

99 512 212 601 νότες
239 511 399 593 Πλάτων
415 511 555 612 Νόμαν
569 515 773 618 δωδεκάτῳ·
799 522 852 651 (p
869 519 1130 620 958.1).)ειτε
1151 559 1208 614 τις

99 617 262 720 θῆλυςῇ.
312 621 548 714 Xenophontis
563 625 669 695 verba
682 595 774 695 aurit.
801 655 829 699 o
817 622 1066 723 Χρυσάντα,
1091 636 1229 752 papalia>

99 752 140 798 σε
160 716 374 799 λυπούντων
400 725 532 799 αἰτοῦ
555 722 753 857 Ἀσσαρίρα
775 726 1070 824 παρακελεύσεις
1097 733 1205 810 οὐδε-

96 825 167 921 plo
181 821 254 951 γάρ
268 831 369 903 ἐστιν
383 824 479 902 οὕτω
493 821 585 926 coiri
602 829 824 954 παραίνεσις,
838 829 919 954 ῆτις
932 828 1016 917 roric
1030 863 1081 959 pp
1097 836 1207 923 ὄντας

97 926 263 1058 αγαθρας
284 923 500 1052 αὐθῆμερσν
527 925 753 1016 ἀκούσαντας
773 929 935 1028 σέγαθσιις
953 932 1114 1028 ποιήσει·
1140 939 1207 1016 σύν

95 1061 144 1106 αν
162 1028 232 1106 οὖν
253 1027 406 1115 τοξότας
420 1061 481 1126 γε,
508 1035 544 1106 εἰ
554 1059 607 1130 μη
627 1035 841 1161 ἔμπροσθεν
861 1039 975 1113 rorico
997 1037 1205 1140 μεμεληκό-

93 1156 155 1216 τες
175 1131 266 1214 εἷεν,
295 1130 379 1209 oriali
396 1129 472 1258 μήν
488 1130 725 1228 occursurae,
754 1135 838 1213 oriali
855 1167 930 1238 μην
950 1145 1094 1226 ἱππέας,
1122 1141 1206 1221 α’λλ

95 1233 182 1311 οὐδε
200 1263 277 1360 μην
290 1229 341 1310 τά
361 1265 402 1330 γε
419 1231 572 1328 σώματα
587 1233 731 1323 icororlc
747 1248 886 1334 ποιεῖν,
913 1247 949 1317 εἰ
965 1272 1017 1341 μη
1039 1241 1205 1340 πρόσθεν

94 1333 288 1465 ἠσκηκότες
309 1334 386 1414 oica.
437 1341 535 1411 Plato
555 1351 668 1413 autem
690 1344 738 1412 sic
760 1345 892 1416 scribit.
918 1347 1002 1441 περὶ
1010 1344 1205 1468 τελευτή·
1236 1380 1244 1393 ’

94 1469 231 1523 σαντας
242 1436 367 1565 λη’,
330 1443 404 1517 ecci
417 1471 474 1525 τις
458 1442 603 1565 ,ἄρρην
619 1448 694 1519 εἴτε
710 1473 766 1526 τις
780 1445 944 1545 opinari,
971 1477 1019 1522 τα
1035 1452 1104 1542 μὲν
1121 1450 1204 1549 περλ

92 1572 142 1619 τα
133 1537 245 1619 θεῖα
261 1538 404 1638 νόμιμα
420 1546 494 1620 ταῖν
509 1574 551 1620 τε
567 1542 640 1621 aino
655 1549 717 1642 γῆς
731 1550 829 1622 θεῶν
843 1551 904 1622 ναὶ
916 1553 991 1624 ταῖν
1005 1552 1156 1647 cpia*
1133 1581 1203 1631 σσα

91 1641 260 1744 προςήκει
269 1650 468 1733 τελεῖσθαι,
481 1675 567 1730 ταας
576 1644 941 1748 εξηγηταςγίγνεσθαι
952 1654 1096 1749 σαρίσας
1106 1651 1204 1751 φρό-

91 1759 230 1837 ζσντας.
266 1750 403 1840 Dequo
424 1752 502 1820 loco
518 1751 616 1822 infra.
668 1751 758 1823 Cum
771 1750 898 1823 Cratini
914 1756 1024 1825 verbis
1042 1779 1206 1852 compara

90 1851 204 1947 Sopla
218 1853 334 1946 Anrg.
342 1852 439 1926 llll.

196 1968 278 2047 ἀλλ’
293 1970 430 2068 oropo,
455 2000 510 2046 νει
523 2001 614 2070 τιςη
633 1964 766 2071 σοφός,
792 2002 837 2049 το
829 1969 1061 2069 μανθάνειν

194 2068 319 2164 πόλλ’,
345 2070 504 2174 αἰσχρσν
516 2072 632 2150 οὐδέν.

88 2211 136 2284 Vt
147 2212 319 2289 declarem
334 2236 422 2305 quae
434 2214 520 2283 ratio
535 2216 578 2284 sit
589 2213 688 2284 lunius
704 2214 968 2302 constructionis,
993 2223 1069 2285 utar
1083 2237 1200 2287 exem-

87 2317 168 2411 plo,
194 2318 289 2411 quod
305 2319 404 2426 estin
423 2316 513 2391 Oed.
531 2317 676 2391 11198.

253 2456 350 2533 τέλει
375 2483 446 2553 γαρ
473 2457 511 2530 εἴ
530 2483 570 2528 τι
594 2449 656 2538 νιὶξ
682 2450 781 2625 cipp,

86 2677 246 2773 Apparet
256 2677 326 2749 hoc
338 2686 497 2770 quattuor
510 2677 620 2747 modis
639 2679 706 2747 dici
718 2677 879 2770 potuisse,
906 2677 1035 2765 aetolo,
1060 2676 1108 2746 ut
1114 2678 1199 2747 scri·

86 2783 153 2906 psit
174 2781 388 2874 Sophocles,
413 2790 471 2850 aut
489 2784 526 2854 ri
542 2809 580 2854 τι
597 2778 764 2900 α’φίησιν,
791 2783 905 2849 aut*
867 2811 899 2857 ει
921 2809 960 2854 τι
982 2776 1089 2879 ἀφείη
1099 2835 1113 2870 ,
1140 2791 1199 2851 aut

87 2882 185 2980 ἤντι
199 2880 287 2982 α’ρῆ.
337 2885 472 2954 Horum
486 2883 592 2970 illud,
619 2887 660 2956 εἴ
671 2912 711 2956 τι
726 2880 896 2982 αφίησιν,
921 2908 954 2954 ει
947 2884 1067 2975 quid
1084 2885 1198 2954 relin-

88 2987 182 3079 quit,
205 2988 399 3082 simpliciter
415 2987 461 3056 ad
482 2989 657 3055 veritatem
678 2987 758 3054 facti
774 2988 928 3057 refertur.
977 2987 1203 3074 Alterum,
1164 3015 1196 3060 ει
1265 3047 1268 3051 .

85 3117 122 3162 τι
136 3087 263 3188 α’φείη,
290 3091 433 3184 siquid
449 3091 645 3181 relinquat,
667 3112 740 3156 rem
757 3090 909 3181 profert,
935 3089 999 3155 ut
989 3111 1023 3154 m
1046 3090 1118 3155 sola
1135 3111 1196 3157 co·

85 3193 247 3286 gitatione
260 3196 422 3286 positam,
444 3216 513 3285 quo
528 3192 715 3262 excluditur
727 3191 866 3278 veritas,
889 3198 923 3258 et
937 3189 1005 3257 hoc
1022 3189 1196 3258 dumtaxat

85 3296 216 3382 dicitur,
241 3296 276 3367 εἰ
290 3298 495 3390 relinqunt,
523 3296 711 3390 quodiam
727 3295 848 3365 animo
865 3291 1121 3386 cogitabimus,
1147 3293 1195 3362 li-

85 3409 141 3468 cet
154 3398 328 3492 forsitan
346 3424 418 3470 πσιι
431 3399 523 3496 fiat.
576 3400 729 3466 Tertium
741 3401 825 3471 εἴτι
841 3393 940 3493 α’φῇ,
966 3396 1000 3465 ει·
1023 3397 1111 3489 qnid
1133 3419 1194 3466 rc-

55 3566 58 3573 .
84 3501 250 3595 liquerit,
283 3513 477 3597 respectum
508 3502 764 3596 comprehendit
792 3499 1035 3593 experientiae,
1070 3524 1193 3592 exspe-

84 3606 312 3697 ctantiumque
337 3631 409 3677 esse
432 3606 577 3693 indicat,
603 3615 640 3675 ut
660 3607 825 3694 relinquat
847 3613 904 3672 aut
926 3625 993 3670 non
1016 3604 1191 3693 relinquat.

82 3707 172 3779 Huic
186 3709 309 3798 simile,
336 3711 398 3780 sed
418 3710 553 3778 minime
572 3719 687 3779 tamen
707 3707 798 3776 idem
820 3716 871 3776 est
887 3714 1060 3797 quartum,
1088 3704 1131 3800 ἧν
1154 3733 1194 3777 τι

82 3809 174 3908 αἱρῇ,
201 3812 235 3883 εἱ
250 3814 338 3905 quid
351 3813 460 3907 sorte
473 3813 672 3904 reliquerit,
712 3813 802 3880 Nam
818 3810 885 3877 hoc
900 3809 961 3877 etsi
976 3807 1097 3876 eodem
1114 3831 1193 3876 cum

81 3924 241 4008 respectu
257 3917 483 4010 experientiae
505 3916 635 4000 dicitur,
662 3925 786 3998 nmen,
812 3913 890 4002 quia
907 3934 972 4002 per
992 3911 1193 4003 particulam

78 4015 128 4089 ’ἄν
140 4019 315 4087 imminuta
331 4030 382 4089 est
403 4030 438 4089 et
453 4019 595 4088 debilior
610 4020 700 4085 facta
714 4018 762 4084 vie
779 4014 962 4108 particulae
982 4014 1193 4082 conditiona-

80 4119 131 4206 lis,
154 4122 238 4190 illud
256 4123 406 4208 accedit,
432 4134 470 4191 ut
486 4124 624 4190 forsitan
641 4142 708 4188 nox
722 4118 847 4209 aliquid
860 4118 1033 4204 relictura,
1052 4120 1107 4185 vel
1123 4139 1191 4185 non
1249 4186 1258 4192 ,

78 4223 237 4293 relictura
264 4227 481 4318 significetur.
533 4225 575 4293 ld
598 4232 737 4292 nonest
764 4225 797 4290 in
821 4222 881 4289 illo
906 4223 942 4292 εἴ
959 4249 997 4293 τι
1021 4213 1084 4302 cri}
1104 4215 1192 4315 αἱρῇ,

78 4325 196 4418 inquo
212 4329 293 4418 quia
307 4352 375 4398 uon
397 4329 531 4398 accedit
551 4327 633 4399 illud
639 4325 827 4422 forsitan,
855 4324 977 4392 certior
999 4330 1101 4393 estet
1118 4321 1191 4389 for-

128 4444 252 4516 Hnnnr.
276 4446 343 4520 01¹.
369 4447 427 4517 lV.
501 4479 504 4483 ·
950 4439 986 4510 G
