2842 4920
525 344 611 408 ΗΒ.
633 345 673 407 ll.
717 346 814 410 CAP.
837 351 886 413 10.

682 689 726 762 Χ.

188 841 253 910 De
273 836 630 934 pronominibus
654 849 699 911 et
724 835 970 911 adverbiis
995 860 1091 910 cum
1117 862 1231 912 con-

592 959 810 1029 iunctiuo.

254 1096 394 1164 Dicatur
406 1118 493 1164 nunc
508 1096 553 1165 de
572 1096 845 1188 pronominibus,
870 1118 911 1162 ac
926 1094 1037 1186 primo
1062 1095 1107 1164 de
1129 1119 1257 1189 prono·

154 1199 295 1269 minibus
312 1198 351 1279 ὃς
369 1206 403 1265 et
418 1195 528 1284 ὅςτις,
555 1222 641 1288 quac
662 1200 816 1292 plerique
830 1197 984 1266 videntur
1001 1198 1071 1267 sine
1092 1202 1257 1290 particula

154 1303 199 1376 ἄν
220 1303 294 1370 fere
308 1310 485 1391 poetarum
502 1302 635 1369 cuidam
651 1303 805 1371 licentiae
819 1299 1016 1387 tribuenda,
1041 1324 1177 1393 aprosa
1196 1327 1257 1373 au-

153 1415 220 1473 tem
235 1404 384 1472 oratione
400 1412 434 1477 et
448 1394 624 1472 comoedia
644 1404 791 1473 arcenda
805 1403 1002 1476 existimare.
1042 1403 1083 1471 lu
1098 1428 1164 1494 qua
1177 1408 1258 1498 opi-

151 1508 250 1576 nione
268 1506 337 1573 hoc
356 1506 427 1574 ueri
447 1506 548 1596 inest,
577 1508 670 1597 quod
691 1516 810 1598 poetas
839 1528 913 1591 eoa,
941 1507 1082 1594 quinon
1103 1530 1257 1576 commu-

151 1633 229 1679 nem
251 1630 441 1677 sermonem
456 1609 640 1695 imitantur,
668 1611 768 1677 etiam
788 1608 837 1676 ibi
857 1606 1024 1702 interdum
1041 1609 1193 1679 omittere
1210 1609 1256 1683 oio

150 1713 320 1797 videmus,
346 1711 408 1777 ubi
419 1711 498 1778 addi
515 1721 689 1804 potuerat3
710 1710 793 1778 illud
808 1718 920 1777 autem
933 1709 1056 1776 falsum
1073 1719 1135 1798 est,
1163 1712 1256 1801 quod

150 1815 231 1884 nihil
255 1815 415 1883 interesse
436 1823 574 1904 putant,
606 1837 670 1882 nec
693 1814 824 1899 uident,
854 1834 1067 1901 quocumque
1090 1814 1162 1901 quis
1181 1815 1256 1882 stilo

149 1926 272 2003 utatur,
289 1917 388 1985 etiam
406 1914 532 1986 debere
542 1917 721 2007 aliquando
735 1917 888 1985 omittere
904 1914 1115 2005 particulam.
1141 1917 1257 2007 Aper-

149 2020 274 2089 tissime
285 2019 322 2088 id
337 2019 567 2089 demonstrare
582 2029 722 2112 possunt
736 2018 823 2087 haec
838 2016 942 2084 verba
955 2017 989 2083 in
1001 2017 1113 2109 lphig.
1128 2019 1162 2086 iu
1177 2021 1254 2091 nul.

150 2120 263 2190 1192.
279 2122 307 2190 si
327 2122 374 2189 sic
393 2121 569 2216 legantur,
594 2133 633 2193 ut
648 2146 669 2191 u
684 2122 836 2193 Porsono
858 2120 960 2187 tacite
981 2120 1105 2212 scripta
1121 2131 1197 2190 sunt
1212 2121 1257 2189 ad

149 2224 277 2295 Phoeu.
291 2222 405 2292 1373.

564 2375 619 2459 nic
633 2378 671 2452 bb
689 2375 749 2450 uui
763 2375 1029 2473 προςβλέψεται

251 2478 391 2554 παίδων
404 2473 462 2568 σ’,
490 2478 584 2554 ὅτων
602 2480 647 2554 oio
662 2481 889 2579 προθέμενος
905 2470 1036 2572 κτάνῃς
1048 2470 1144 2548 τινά.

148 2634 307 2703 Alienum
324 2632 381 2701 hic
400 2631 447 2705 oin
465 2656 556 2719 esse,
581 2641 674 2701 recte
698 2631 781 2700 vidit
796 2629 971 2714 Bremius,
996 2626 1048 2695 vir
1071 2625 1255 2695 eruditissi-

149 2760 238 2824 mus,
272 2735 306 2803 in
331 2736 492 2826 symbolis
521 2735 736 2828 philologieis
765 2733 942 2802 Helvetiae
966 2730 1033 2801 vol.
1062 2730 1088 2797 1.
1111 2753 1149 2820 p.
1168 2723 1255 2803 240.

149 2839 212 2907 Est
227 2839 316 2906 enim
334 2840 409 2925 ille,
435 2847 472 2906 ut
487 2839 521 2906 in
544 2862 682 2907 censura
698 2839 827 2906 illarum
848 2833 1075 2925 symbolarum
1088 2832 1172 2919 dixi,
1199 2857 1256 2901 so-

149 2942 337 3027 loecismus,
365 2942 443 3031 quia
455 2962 523 3009 non
544 2941 587 3009 de
609 2942 885 3030 quibuscumque,
913 2935 974 3005 sed
990 2934 1034 3002 de
1050 2937 1147 3002 certis
1169 2936 1256 3004 libe-

150 3045 194 3112 ris
211 3066 323 3112 sermo
341 3053 402 3117 est.
447 3046 536 3111 Nam
555 3066 659 3132 quum
673 3042 741 3108 hoc
756 3039 868 3106 dicere
881 3038 961 3105 velit
977 3036 1256 3124 Clytaemnestra,

151 3147 289 3238 quis'te
309 3147 489 3240 adspiciet
510 3143 707 3214 liberorum
732 3152 897 3228 tuorum,
926 3158 1079 3229 quorum
1100 3138 1257 3228 aliquem

152 3249 354 3339 occideris,
380 3273 448 3318 nou
469 3250 577 3341 magis
598 3249 709 3339 potuit
723 3243 817 3318 ὅτων
838 3242 883 3325 oio
908 3241 1038 3324 dicere,
1065 3262 1167 3328 quam
1184 3241 1257 3310 La-

150 3354 218 3420 tine
234 3352 337 3438 dicas,
364 3374 666 3444 quorumcumque
681 3349 838 3439 aliquem
860 3342 1050 3413 occideris.
1103 3342 1193 3426 Quin
1212 3367 1256 3411 ne

152 3451 246 3526 ὅτων
261 3454 398 3543 quidem
405 3451 528 3545 pronis
539 3454 695 3522 hicrecte
704 3452 841 3521 dictum.
868 3445 1146 3535 Vtrumqueuidit
1160 3448 1258 3514 ctiam

150 3554 335 3643 Matthiae,
363 3567 465 3647 quem
481 3565 593 3625 tamen
610 3557 731 3641 miror,
758 3550 852 3643 quod
868 3551 902 3617 in
921 3551 991 3635 his,
1017 3570 1104 3636 quae
1122 3549 1258 3639 linguae

151 3659 283 3751 legibus
299 3682 492 3752 repugnare
505 3661 579 3750 ipsc
596 3660 730 3740 fatetur,
756 3653 839 3744 quid
852 3651 1039 3721 seleseismi
1054 3651 1129 3719 insit
1144 3651 1259 3718 videre

143 3784 187 3830 ,se
203 3770 317 3854 negat.
370 3761 561 3855 Sophocles
576 3762 702 3833 Electr.
722 3757 808 3826 tul.

771 3903 856 3980 οὐδὲ
876 3898 944 4000 yolo
962 3898 1074 3982 κακῶς

254 4007 434 4105 πάσχοντι
445 4019 551 4108 μῖσος
571 4008 620 4088 ὦν
635 4012 718 4109 τέκῃ
733 4007 991 4107 nnocyiymnm.

154 4175 186 4232 et
203 4188 235 4239 v.
254 4165 365 4238 1061.
866 4152 872 4163 ’

255 4319 295 4393 τί
308 4314 396 4401 roric
412 4316 556 4393 ἄνωθεν
571 4307 873 4416 φρονιμωτάτους
888 4299 1034 4385 oiuuobt
1154 4405 1157 4409 .

203 4422 326 4495 Hunnr.
353 4418 420 4492 ΟΡ.
446 4422 505 4490 Ν.
1016 4406 1053 4474 Η
