2842 4920
148 352 191 413 ro
321 326 324 331 ’
498 345 557 407 ne
578 342 852 404 rsnurcvna
875 336 921 406 tv

152 545 244 608 sunt:
270 535 452 626 dequibus
473 534 535 603 etsi
550 558 618 604 non
637 543 768 603 constat
782 534 895 622 nobb,
921 542 1035 603 brnen
1048 559 1123 605 esse
1139 561 1180 605 ea
1194 561 1263 629 po-

151 643 227 727 tius,
254 663 357 731 quarn
371 662 441 707 non
461 661 534 708 esse
556 640 734 712 credimus.
772 640 948 707 Postrema
964 649 1040 706 sunt
1052 641 1263 731 probabilia:

153 753 331 836 quaesunt
346 767 403 830 ea,
429 766 517 833 quae
531 742 652 814 mirum
668 744 757 811 foret
773 745 801 811 si
818 764 887 809 non
905 750 1032 830 essent,
1059 745 1138 834 quia
1158 747 1264 814 ratio-

151 871 241 932 nem,
267 870 372 937 quare
387 870 461 914 csse
475 846 632 931 debeant,
657 846 816 915 idoneam
829 845 992 913 videmus.
1034 846 1167 915 Eadem
1181 872 1264 916 vero

152 952 265 1031 omnia
281 952 382 1019 etiam
398 950 518 1018 modos
534 949 703 1039 quosdam
718 950 860 1032 habent,
887 951 1033 1038 quisunt
1048 949 1134 1038 duo,
1159 953 1265 1042 positi

152 1055 187 1123 in
202 1077 263 1141 eo,
292 1054 387 1145 quod
411 1061 469 1120 aut
490 1054 535 1121 ad
549 1055 659 1144 ipsam
681 1063 810 1121 tantum
827 1053 1067 1144 cogitationem
1086 1055 1264 1147 loquentis,

152 1166 210 1227 aut
226 1157 270 1225 ad
286 1158 354 1240 rei,
381 1157 425 1225 do
447 1180 516 1246 qua
529 1180 640 1225 sermo
655 1166 721 1243 est,
748 1157 896 1246 aliquam
922 1155 1150 1224 conditionem
1173 1159 1266 1226 refe-

152 1269 278 1330 runtur.
330 1261 377 1328 Et
397 1260 454 1329 ille
475 1260 613 1349 quidem
634 1261 776 1346 modus,
803 1261 861 1349 qui
877 1259 923 1326 ad
943 1260 1111 1349 loquentis
1134 1262 1266 1352 cogita-

152 1364 279 1432 tionem
300 1371 449 1453 spectat,
476 1365 710 1455 complectitur
728 1364 898 1455 possibilia
916 1362 1036 1430 otveri
1059 1365 1192 1454 similia,
1219 1364 1265 1432 de

153 1467 275 1557 quibus
289 1468 365 1554 quis
381 1466 462 1534 nihil
477 1467 631 1557 amplius,
652 1490 755 1558 quarn
771 1467 816 1535 de
831 1464 942 1534 alteris
959 1489 996 1534 se
1013 1467 1199 1558 ambigere,
1220 1469 1265 1536 dc

152 1571 265 1639 alteris
291 1569 421 1660 opinari
449 1571 623 1662 significat.
675 1571 773 1638 Alter
792 1579 905 1638 autem
925 1569 1047 1637 modus
1067 1569 1203 1638 fortuita
1231 1580 1265 1639 et

65 1678 75 1695 ²
151 1673 343 1765 probabilia
365 1674 529 1758 continet,
557 1673 676 1763 quibus
697 1675 732 1740 in
747 1675 828 1764 ipsis
843 1683 893 1741 est
909 1673 1051 1762 aliquid,
1078 1697 1181 1762 quare
1203 1676 1265 1742 sint

153 1786 212 1845 aut
230 1777 332 1860 liant,
358 1775 419 1843 scd
433 1775 517 1842 illud
535 1777 569 1842 in
583 1775 693 1842 alteris
707 1777 879 1866 ignotum,
906 1786 1023 1844 notum
1038 1787 1150 1844 autem
1166 1778 1202 1845 in
1213 1778 1266 1844 al-

153 1880 242 1948 teris.
294 1879 414 1965 ltaque
430 1876 542 1968 gradu
561 1877 647 1943 haec
663 1877 710 1943 ita
726 1901 763 1944 se
785 1878 970 1967 excipiunt,
996 1888 1034 1947 ut
1051 1879 1265 1970 possibilibus

152 1982 307 2067 fortuita,
334 1979 476 2046 fortuitis
492 1979 696 2065 verisimilia,
723 1981 793 2047 veri
808 1980 967 2048 similibus
982 1983 1172 2071 probabilia
1186 2007 1266 2051 suc-

155 2083 293 2153 cedant:
319 2082 413 2149 modi
437 2091 550 2149 autern
571 2083 659 2149 hanc
679 2083 796 2150 iubent
820 2083 1087 2151 distributionem
1110 2086 1202 2170 fieri,
1228 2094 1267 2153 ut

152 2186 324 2281 possibilia
340 2194 374 2252 ct
386 2186 575 2253 verisimilia
588 2186 729 2253 fortuitis
746 2195 779 2252 ct
791 2187 1022 2278 probabilibus
1039 2196 1266 2278 opponantur,

154 2289 367 2382 possibilium
394 2297 507 2356 autem
537 2289 583 2356 ad
610 2289 800 2358 verisimilia
826 2289 946 2357 eadem
975 2288 1017 2355 sit
1046 2291 1266 2381 comparatio,

154 2416 244 2485 quae
269 2392 482 2460 fortuitorum
497 2392 542 2459 ad
561 2393 761 2483 probabilia.
814 2392 962 2485 Singulis
984 2392 1108 2460 horum
1126 2416 1186 2461 sua
1202 2394 1266 2460 de-

155 2499 274 2567 stinata
290 2504 366 2563 sunt
388 2496 569 2565 vocabula:
596 2519 636 2563 ac
656 2496 870 2586 possibilibus
896 2495 1034 2584 quidem
1049 2507 1083 2563 ct
1101 2498 1267 2564 verisimi-

155 2602 242 2671 libus
258 2598 419 2668 advcrbio
436 2600 517 2679 ἴσως
534 2608 567 2668 et
579 2592 651 2671 nod
658 2626 672 2690 ,·
697 2600 841 2667 fortuitis
860 2608 972 2666 autem
986 2607 1020 2666 et
1033 2600 1266 2690 probabilibus

136 2703 342 2798 ,particulae
363 2701 409 2773 civ
432 2703 501 2769 sive
524 2704 601 2781 κέν,
629 2709 663 2769 et
682 2703 733 2774 τέ.
787 2700 1084 2770 considerabimus
1103 2702 1189 2770 haec
1209 2705 1266 2788 ita,

156 2806 241 2876 utin
260 2804 397 2897 singulis
417 2804 591 2890 etiamid,
618 2805 711 2892 quod
731 2805 768 2872 iis
790 2807 985 2895 oppositum
1002 2813 1069 2888 est,
1096 2805 1267 2895 respicia-

156 2931 250 2978 mus:
278 2907 372 2996 quod
388 2931 430 2975 eo
450 2910 557 2976 minus
578 2908 707 3001 negligi
729 2909 901 2998 convenit,
927 2930 996 2996 quo
1009 2908 1116 2976 maior
1131 2917 1182 2977 est
1200 2908 1268 2976 ho-

156 3034 233 3083 rum
246 3010 471 3079 discriminum
484 3011 655 3082 subtilitas,

259 3115 313 3184 Ac
333 3115 547 3207 possibilibus
568 3111 751 3183 indicandis
778 3113 912 3181 inservit
946 3115 1049 3201 ἴσως,
1082 3112 1266 3207 forsitan,

159 3218 362 3288 Germanice
375 3217 578 3287 vielleicbt:
600 3216 694 3305 quod
708 3224 758 3283 cst
772 3216 985 3300 coniicientis,
1012 3217 1148 3284 sednon
1159 3219 1267 3285 scien-

158 3323 210 3392 tis.
269 3321 313 3389 Ei
346 3320 507 3388 adverbio
544 3319 738 3409 oppositum
771 3326 821 3383 est
856 3319 998 3385 verbum
1035 3320 1163 3387 nudum
1198 3322 1267 3388 sine

158 3423 342 3516 particula,
388 3445 456 3511 quo
494 3421 688 3512 simpliciter
729 3421 850 3487 veritas
894 3423 942 3488 rei
972 3422 1145 3491 indicatur.
1196 3423 1269 3490 Vc-

159 3526 348 3595 risirnilibus
388 3533 500 3592 autem
530 3523 758 3616 significandis
788 3522 967 3592 adhibetur
1000 3520 1084 3611 πού,
1112 3525 1268 3618 sortas-

160 3653 219 3717 se,
263 3627 379 3698 wohl:
427 3627 521 3717 quod
557 3636 608 3695 cst
639 3627 821 3718 opinantis,
859 3628 920 3695 sed
959 3650 1028 3695 non
1062 3629 1266 3698 affirmantis.

161 3735 280 3825 ltaque
294 3734 325 3800 ei
337 3733 495 3825 opposita
510 3740 585 3800 sunt
599 3726 623 3827 η’
637 3740 672 3799 et
688 3724 743 3826 δή,
774 3730 894 3819 quibus
909 3732 1020 3819 utitur,
1047 3732 1105 3819 qui
1119 3733 1185 3798 iarn
1199 3754 1268 3799 non

161 3836 290 3929 opinari
306 3860 354 3924 se,
381 3835 441 3904 sed
454 3835 593 3903 credere
607 3844 707 3923 atque
721 3832 892 3902 confidere
908 3835 1063 3902 affirmat.
1115 3833 1270 3902 Fortuita

16 3918 51 4011 ,Ι
97 3958 101 3989 ³
162 3948 316 4010 notantur
330 3939 500 4031 particulis
517 3937 563 4010 ἄν
577 3939 632 4006 vel
645 3937 720 4015 κέν,
747 3960 835 4025 quae
850 3938 971 4006 Latine
985 3939 1186 4029 plerumque
1200 3961 1269 4004 non

161 4052 304 4135 possunt
317 4042 475 4134 exprimi,
492 4041 552 4110 sed
572 4042 599 4110 si
613 4064 702 4131 quae
713 4039 833 4108 Latina
852 4043 1018 4131 particula
1031 4040 1076 4107 ad
1091 4041 1270 4132 propriam

163 4168 278 4214 earum
300 4147 367 4213 vim
387 4144 640 4235 quodammodo
661 4144 808 4230 accedit,
835 4152 886 4212 est
904 4169 945 4213 ea
957 4143 1081 4236 sorte:
1108 4144 1269 4211 Germani

162 4251 327 4341 aptiorem
354 4249 519 4329 habemus
536 4249 737 4340 particulam
758 4255 871 4333 elsua,
898 4249 960 4316 sed
978 4256 1174 4315 nontamen
1192 4248 1269 4314 ubi-

162 4376 230 4444 que
251 4353 328 4422 satis
346 4352 643 4422 accommodatam.
695 4351 760 4421 Est
775 4360 888 4420 autom
906 4351 952 4426 civ
975 4360 1009 4421 et
1031 4351 1269 4425 :insumentis
