2842 4920
198 329 264 421 sna*
498 324 1056 449 narrentanas,

201 546 301 612 citare
332 532 466 625 volunt,
503 541 560 609 vel
582 540 786 621 exuberante
815 538 991 609 hilaritab's
1017 523 1137 631 lepore
1166 526 1307 609 venusta

199 645 403 718 describunt.
454 644 600 713 Praeivit
619 644 653 712 in
668 643 798 735 magnis
815 643 1008 735 exemplum
1025 642 1206 730 Homerus,
1232 643 1306 711 exi-

199 751 283 819 mius
308 749 366 825 ille
390 747 536 817 maxime
567 748 601 814 iu
633 745 790 815 ornandis
815 745 897 832 diis,
937 744 1122 836 vidensque
1154 747 1307 839 sagacis-

199 854 298 940 sime,
324 842 408 943 quas
423 851 511 919 ferat
526 850 803 942 amplificationes
817 848 942 941 poesis,
969 871 1120 939 quasque
1137 850 1306 942 repudiet.

198 958 253 1026 De
271 979 313 1024 ea
338 978 377 1024 re
402 954 476 1044 quis
498 953 603 1035 nescit
625 975 714 1042 quae
734 953 778 1021 ab
797 951 974 1043 Lessingio
999 953 1034 1020 in
1050 953 1248 1021 Laocoonte
1271 963 1308 1022 et

198 1059 355 1127 Herdero
376 1058 410 1124 in
435 1056 533 1141 Silvis
556 1056 677 1125 criticis
700 1064 776 1124 sunt
797 1054 989 1148 disputata?
1016 1056 1088 1124 Sed
1110 1064 1225 1124 tamen
1247 1057 1307 1146 illi,

199 1150 404 1253 quamquam
415 1169 514 1228 acute
525 1160 691 1252 pleraque
704 1159 915 1247 scienterque
923 1157 1056 1249 dixere,
1078 1181 1146 1227 non
1159 1182 1202 1228 ex
1215 1160 1309 1229 omni

198 1275 296 1358 parte
313 1264 381 1332 hoc
394 1262 548 1331 videntur
559 1262 772 1355 hyperbolae
787 1260 881 1353 apud
897 1261 1087 1330 Homerum
1102 1285 1211 1355 genus
1223 1285 1309 1354 per-

200 1369 357 1460 spexisse.
410 1367 489 1435 Non
506 1367 626 1458 optimi
639 1364 804 1456 rhapsodi
818 1387 954 1434 carmen
969 1388 1060 1452 esse,
1086 1367 1205 1455 quoin
1220 1367 1308 1434 libro

198 1472 310 1539 lliadis
323 1469 417 1538 xxl.
434 1460 557 1562 pugna
565 1469 707 1538 deorum
723 1476 905 1553 enarratur,
917 1469 1036 1537 'monui
1049 1469 1083 1535 in
1097 1470 1317 1566 praelatione.

78 1578 83 1589 ’
182 1575 244 1644 ·ad
269 1574 430 1664 hymnos·
443 1572 596 1644 Homeri.
646 1571 701 1641 Eo
722 1573 757 1639 in
779 1572 925 1639 carmine
950 1573 977 1640 si
997 1571 1092 1640 Mars
1113 1596 1133 1639 a
1153 1572 1309 1642 Minerva

198 1685 383 1770 prostratus
402 1697 434 1744 v.
455 1674 542 1744 4⁰7.
569 1667 663 1748 ἑπτα
688 1676 813 1763 ἐπέσχε
836 1674 999 1770 πέλεθρα
1017 1667 1157 1753 oscula,
1184 1684 1235 1744 est
1251 1677 1309 1744 illa

151 1784 280 1854 llsane
295 1781 416 1871 ingens
430 1777 644 1872 hyperbole,
670 1800 773 1868 quam
788 1786 893 1870 poeta
909 1778 971 1845 iste
987 1777 1149 1845 imitando
1167 1801 1308 1871 expres-

199 1886 241 1953 sit
260 1883 384 1968 exilio,
411 1880 506 1972 quod
517 1882 552 1950 in
564 1878 691 1972 Odyss.
708 1880 768 1952 xl.
784 1877 871 1949 oto,
888 1880 1050 1973 de'l'ityo
1066 1881 1308 1974 scriptumest:

202 2088 225 2175 q
617 2046 640 2125 o*
666 2047 702 2126 δ’
728 2048 787 2126 ἐπ’
814 2051 1042 2127 iactantiae
1069 2053 1244 2150 πέλεθρα.

198 2227 300 2293 Hune
329 2224 418 2291 enim
444 2219 625 2299 eteoclem
656 2222 690 2290 in
715 2221 803 2290 libro
829 2245 861 2290 v.
890 2219 976 2290 308.
1000 2245 1096 2314 seqq.
1139 2222 1246 2295 Otum
1276 2236 1310 2295 et

198 2326 393 2419 Ephialtem
411 2334 481 2391 tam
500 2323 636 2392 immani
653 2345 837 2417 corporum
858 2325 948 2393 mole
972 2324 1094 2418 fuisse,
1121 2350 1190 2397 non
1214 2329 1310 2418 deos,

198 2429 357 2522 perhibet
383 2428 564 2497 Homerus.
617 2426 734 2496 Habet
759 2426 898 2518 quidem
928 2436 1021 2496 tanta
1047 2432 1249 2524 magnitudo
1276 2434 1311 2502 in

200 2534 316 2626 effigie
331 2555 418 2623 quae
437 2528 543 2599 oculis
561 2531 786 2624 conspicitur,
810 2531 896 2600 utin
913 2533 1046 2620 statuis,
1074 2535 1229 2605 eximiam
1244 2538 1311 2606 vim

199 2638 244 2704 ad
269 2638 396 2704 animos
417 2633 637 2702 admiratione
662 2644 697 2703 et
718 2634 903 2703 reverentia
923 2635 1176 2726 percellendos:
1203 2663 1312 2731 ecqua

201 2741 290 2808 enim
306 2740 414 2830 aptior
437 2745 471 2804 et
487 2735 685 2805 luculentior
700 2746 751 2805 est
762 2736 939 2806 divinitatis
953 2738 1079 2831 imago,
1105 2764 1209 2831 quam
1223 2765 1311 2834 quae

199 2844 303 2934 longe
324 2841 367 2909 sit
387 2839 479 2907 omni
499 2860 577 2905 cum
596 2838 773 2908 hominurn
791 2839 908 2909 formis
929 2844 1183 2933 comparatione
1206 2869 1310 2939 supe·

201 2945 295 3013 rior?
320 2944 360 3011 ln
376 2941 473 3034 poesi
488 2964 590 3027 vero,
616 2943 687 3012 sive
707 2943 755 3012 dii
772 2944 858 3012 inter
882 2967 918 3012 se
935 2945 998 3013 soli
1012 2946 1139 3038 aliquid
1159 2959 1310 3042 agentes,

203 3049 274 3117 sive
295 3047 472 3115 hominum
496 3046 591 3114 mixti
615 3048 760 3139 negotiis
782 3047 1034 3137 describantur,
1066 3052 1215 3121 absurda
1241 3063 1311 3122 est:

202 3175 282 3219 nam
298 3160 356 3219 aut
368 3149 457 3242 perit
474 3149 594 3240 plane,
620 3151 648 3217 si
668 3149 789 3220 eadem
805 3151 954 3218 omnium
970 3155 1148 3245 proportio
1163 3165 1230 3240 est3
1256 3165 1312 3225 aut

203 3257 294 3323 illata
316 3255 352 3321 in
372 3251 548 3320 hominum
571 3251 686 3342 vitam,
714 3262 926 3322 monstruosa
946 3253 1136 3326 diversitate
1158 3282 1311 3351 propor-

159 3409 164 3421 .
202 3359 301 3447 tionis
326 3354 501 3447 perturbat
534 3356 646 3422 omnia
671 3364 704 3424 et
731 3356 947 3448 pessumdat,
980 3366 1140 3452 utsupra
1158 3363 1195 3430 in
1212 3364 1312 3456 galea

64 3463 67 3468 '
203 3459 380 3527 Minervae
397 3465 448 3526 est
463 3456 687 3527 observatum
720 3459 837 3543 Quare
853 3460 1022 3551 sapienter
1038 3464 1211 3534 Homerus
1229 3467 1311 3535 deos

87 3606 88 3611 κ
204 3563 319 3656 paullo
337 3570 467 3629 tantum
481 3558 629 3628 humana
642 3562 756 3655 specie
774 3563 918 3631 maiores
934 3564 1040 3654 linuit,
1065 3575 1100 3635 et
1115 3554 1232 3657 quales
1246 3569 1311 3637 ho-

205 3670 332 3737 minum
346 3672 422 3732 sunt
439 3661 496 3752 qui
511 3666 715 3754 proceritate
736 3674 813 3733 ante
832 3666 1014 3758 plerosque
1029 3671 1195 3741 eminent:
1222 3673 1313 3740 auxit

205 3794 288 3838 vero
306 3791 370 3860 per
382 3766 598 3860 hyperbolen
613 3768 699 3838 vires
718 3768 879 3860 deorum,
906 3794 989 3859 quas
1014 3773 1191 3865 immensas
1215 3777 1312 3868 cogi·

207 3883 278 3941 tare
293 3872 421 3940 animus
436 3870 506 3939 sine
517 3871 735 3963 perversitate
749 3881 871 3964 potest.
896 3873 948 3941 lta
962 3874 1045 3943 illud
1060 3877 1154 3946 Iliad.
1169 3879 1210 3947 V.
1222 3876 1310 3951 859.

541 4042 562 4114 ὅ
590 4039 626 4114 δ’
654 4044 786 4138 ἔβραχε
813 4045 959 4133 χαλκέος
980 4034 1110 4145 Ἆρηο,
1223 4080 1229 4093 ·

313 4139 422 4261 doceo
449 4140 486 4214 τ’
514 4138 714 4235 ἐννεάχιλοι
740 4144 891 4236 ἐπίαχον
918 4147 940 4271 a?
966 4143 1148 4239 δεκάχιλοι
1273 4219 1276 4229 ,

312 4244 433 4340 ανέριι
459 4250 498 4319 ἐι
524 4248 690 4343 πολέμῳ,
717 4247 819 4342 ἔριδα
847 4258 1058 4343 ξυιαχοιτις
1083 4251 1204 4352 ἄρηος.
