2842 4920
540 354 624 418 LIB.
649 354 698 416 W.
734 353 833 418 CAP.
855 360 885 422 2.
1213 365 1274 430 181

159 537 260 618 α’λλιί
282 541 376 618 δοιοί
388 571 456 637 μοι
471 539 541 619 οἶδε
556 543 603 617 ἄν
617 542 759 632 μᾶλλον
773 539 1044 640 πεισθήσεσθαί
1060 574 1129 621 σοι.
1173 548 1275 619 Multi

158 647 266 717 codri
284 647 498 722 πείθεσθαι.
548 647 588 715 ln
603 647 763 739 Xenoph.
781 646 826 716 de
846 672 921 740 rep.
935 649 1017 718 Lac.
1032 651 1121 723 vni
1137 650 1172 720 3.
1205 655 1275 722 ΑΙ-

157 751 263 822 dine:
289 748 362 846 ὅσῳ
375 743 447 873 (dp
456 745 565 844 μείζω
581 742 738 842 δύναμιν
753 751 826 840 ἔχει
840 747 976 849 ήᾰρχή,
1002 749 1167 850 τοσούτῳ
1179 757 1276 850 μᾶλ-

158 863 227 928 λον
242 852 291 926 ἄν
315 851 498 950 ἡγήσαντο
517 845 635 948 αὐτήν
656 848 896 950 καταπλήξειν
916 849 1003 936 rote
1019 856 1176 939 πολίτας.
1228 863 1276 929 At

158 958 293 1025 lnntina
322 957 434 1025 omisit
462 953 518 1028 ἄν.
570 954 817 1024 Demosthenes
837 981 874 1049 p.
896 955 984 1048 716,
1009 957 1045 1031 3.
1072 959 1112 1031 τί
1133 954 1204 1056 ροίρ
1227 962 1275 1037 ἄν

157 1059 298 1134 τοῦτον
314 1061 440 1132 οἴεσθε
453 1051 620 1154 ποιήσειν
636 1060 822 1151 λυθέντων
841 1060 915 1132 τῶν
931 1054 1075 1152 νόμον,
1102 1061 1140 1144 ὃς
1157 1060 1274 1138 ὄντων

158 1160 294 1258 νορίων
316 1153 486 1241 τοιοῦτός
505 1166 627 1252 ἐστιν,·
650 1159 830 1231 Beklrerus
856 1186 876 1231 e
906 1163 982 1233 cod.
1011 1163 1121 1234 Marc.
1143 1174 1273 1258 ποιεῖν,

159 1265 304 1334 caeteris
318 1265 412 1334 libris
424 1257 591 1360 ποιήσειν
608 1264 787 1337 tuentibus.
814 1265 853 1333 P.
872 1263 984 1355 1225,
1003 1266 1064 1334 21.
1083 1267 1127 1364 ἢν
1148 1263 1216 1361 ἑροί
1228 1267 1274 1344 οὐ

158 1360 295 1448 πολλοῖς
320 1367 467 1446 ἐλπίδας
489 1363 588 1455 εἶχον
610 1366 725 1452 ζῶσαν
744 1365 790 1443 ἄν
805 1362 1098 1465 καταλήψεσθαι.
1152 1370 1274 1442 Omisit

158 1469 206 1543 ἄν
220 1492 300 1540 cum
315 1471 386 1538 aliis
400 1470 492 1538 libris
509 1468 700 1538 Bekkerus.

261 1574 302 1641 In
322 1574 440 1667 primis
455 1582 568 1640 autem
593 1573 849 1641 commemorari
870 1572 975 1643 debet
993 1574 1062 1644 hoc
1077 1600 1113 1668 p.
1128 1575 1216 1666 860,
1234 1578 1270 1649 8.

158 1673 270 1750 ταῦτ’
292 1676 386 1769 ἐμοῦ
410 1677 731 1772 προκαλεσαμένου
756 1676 897 1748 πολλῶν
921 1672 1115 1771 παρόντων
1139 1677 1203 1753 οὖν
1226 1681 1273 1754 οίν

158 1779 226 1877 ἔφη
240 1773 424 1874 ποιήσειν,
452 1787 490 1846 nt
512 1779 677 1870 scriptum
701 1787 752 1847 est
772 1780 807 1847 in
828 1779 904 1846 cod.
928 1781 1084 1872 Lessing.
1137 1783 1272 1853 Caeteri

157 1882 233 1949 libri
248 1882 411 1978 ποιήσαι,
437 1882 532 1972 quod
546 1890 691 1975 apparet
704 1905 725 1950 a
741 1882 945 1972 quibusdam
959 1884 994 1950 in
1010 1877 1177 1978 ποιήσειν
1193 1910 1271 1956 mu·

157 1993 264 2053 tatum
280 2008 372 2069 esse,
406 1987 484 2075 quia
503 1994 621 2077 aperte
636 1984 739 2053 fuam·
765 1985 1044 2077 significationem
1058 1986 1173 2056 habet.
1225 1992 1272 2058 Et

157 2097 270 2157 tamen
282 2090 364 2177 quin
380 2088 532 2184 ποιήσαι
547 2089 692 2181 genuina
711 2088 876 2180 scriptura
892 2091 933 2158 sit
946 2112 989 2159 eo
1004 2091 1113 2159 minus
1126 2092 1271 2162 dubitari

155 2200 289 2284 potest,
316 2191 408 2281 quod
428 2193 527 2259 etiam
543 2193 759 2285 participium
773 2192 886 2261 aoristi
901 2212 979 2262 cnm
996 2192 1043 2267 οἳν
1056 2195 1270 2266 coniunctum

155 2295 322 2364 defuturo
337 2295 467 2381 dicitur,
483 2297 601 2387 inquo
615 2295 757 2365 deberet
771 2296 940 2386 aliquanto
954 2298 1063 2365 maior
1076 2321 1148 2367 esse
1158 2299 1269 2369 offen-

154 2399 214 2470 sio.
266 2398 320 2465 Ex
333 2397 386 2465 his
402 2398 517 2491 colligi
532 2409 662 2491 potest,
689 2421 758 2467 non
771 2401 879 2491 magis
894 2422 971 2466 cum
987 2401 1148 2469 infinitivo
1167 2403 1270 2471 futuri

155 2501 304 2570 construi
325 2498 391 2589 ἄν,
416 2524 521 2591 quam
538 2524 616 2570 cunr
633 2503 703 2570 eius
719 2502 884 2591 temporis
898 2502 1079 2570 indicativo
1094 2513 1152 2570 aut
1166 2515 1268 2597 opta-

153 2605 233 2675 tivo.
289 2603 437 2689 Quodsi
452 2604 535 2694 quid
553 2607 624 2674 veri
646 2604 745 2673 estin
761 2604 819 2671 illa
833 2605 1046 2696 grammatici
1064 2607 1158 2696 apud
1171 2607 1268 2677 Bek-

152 2706 276 2776 kerum
293 2707 529 2794 adnotatione,
556 2731 666 2799 neque
685 2709 713 2775 is
730 2707 898 2776 mendosis
921 2715 973 2776 est
988 2707 1080 2778 libris
1094 2731 1193 2797 usus,
1219 2712 1267 2779 sic

153 2810 216 2879 erit
235 2811 506 2897 existimandum,
533 2813 639 2880 sicubi
656 2810 702 2884 ἂν
718 2812 754 2878 in
774 2811 831 2878 illa
854 2813 1099 2881 constructione
1118 2815 1266 2904 positum

152 2913 350 3003 inveniatur,
377 2916 542 3002 similiter,
567 2924 606 2984 ut
621 2937 724 3007 supra
736 2914 772 2980 in
789 2914 859 2982 aliis
875 2915 1097 2984 locutionibus
1111 2916 1265 3001 vidimus,

153 3039 232 3085 cnm
248 3018 314 3085 alio
330 3020 444 3108 potius
459 3019 572 3107 aliquo
585 3019 692 3086 verbo
705 3040 779 3085 esse
792 3016 955 3084 brevitate
970 3018 1118 3107 quadam
1132 3020 1265 3088 dicendi
1343 3075 1346 3081 .

152 3121 377 3189 coniunctum.
428 3122 486 3191 Sic
508 3122 565 3188 illa
585 3114 671 3211 τάχ’
687 3117 733 3190 cio
753 3112 896 3203 δοίσειν,
924 3114 1030 3192 οὐδὲν
1044 3118 1090 3191 ἄν
1109 3117 1265 3217 πεισθή-

152 3232 309 3313 σεσθαι,
337 3221 467 3321 ῥᾳδίως
487 3223 533 3295 civ
547 3216 833 3320 προσχωρήσειν,
861 3221 887 3288 si
905 3229 981 3289 sunt
1003 3221 1047 3289 ab
1071 3223 1262 3292 auctoribus

150 3327 215 3394 illis
231 3327 375 3417 scripta,
402 3326 511 3394 studio
529 3327 587 3394 iiio
603 3325 710 3395 multa
726 3326 842 3417 paucis
860 3325 1109 3417 complectendi
1127 3326 1264 3395 defendi
1285 3342 1287 3349 ⁴

149 3439 310 3522 possunt,
344 3429 438 3521 quod
459 3432 493 3497 in
515 3439 628 3498 mente
649 3428 815 3497 haberent
837 3421 985 3517 δαίσειν,
1011 3426 1070 3500 ναί
1092 3423 1180 3520 τάχ’
1202 3429 1263 3502 civ·

151 3528 196 3604 ori
213 3526 507 3629 πεισθήσεσθαι,
541 3529 625 3606 οὐδὲ
647 3530 686 3606 ἓν
708 3529 771 3603 ἄν·
798 3525 1084 3629 προςχωρήσειν,
1111 3532 1170 3603 ναί
1190 3540 1262 3630 ρᾳ-

150 3633 233 3716 (ίίοις
254 3632 318 3706 ἄν·
344 3636 378 3703 in
395 3637 514 3724 quibus
533 3635 686 3703 omnibns
700 3634 883 3702 verborum
906 3633 1104 3701 eorumdem
1123 3636 1262 3726 optativi

150 3735 256 3836 δοίη,
283 3737 494 3835 πεισθείην,
516 3735 738 3834 προςχοιροίη
756 3737 993 3828 intelliguntur.

256 3839 439 3910 Caeterum
463 3850 591 3909 tantum
612 3840 708 3908 abest
726 3849 781 3926 ut,
815 3839 909 3929 quod
930 3837 1105 3908 Wcrferus
1125 3837 1207 3906 fecit
1226 3840 1261 3907 in

150 3942 228 4010 Act.
246 3941 384 4012 Monac.
402 3945 469 4012 voi
482 3946 511 4017 l.
529 3968 565 4036 p.
582 3940 668 4013 252.
694 3942 761 4010 hac
780 3942 1024 4009 constructione
1037 3941 1086 4007 uti
1099 3941 1200 4009 liceat
1215 3942 1260 4010 ad

151 4043 197 4117 oia
222 4069 301 4114 cum
321 4047 502 4115 indicativo
523 4048 625 4115 futuri
643 4045 913 4134 defendendum,
938 4053 976 4112 ut
996 4045 1109 4136 potins
1125 4045 1260 4113 infiniti-

149 4171 210 4217 vus
236 4149 335 4219 huius
355 4151 516 4244 temporis
540 4173 608 4219 non
629 4149 737 4241 possit
755 4171 833 4220 cum
856 4171 898 4216 ea
915 4147 1081 4240 particula
1101 4151 1258 4236 construi,

149 4252 177 4319 si
191 4251 285 4322 idem
301 4262 437 4347 tempus
457 4278 526 4323 non
542 4253 690 4346 patiatur
705 4251 919 4320 indicativum
941 4274 1037 4319 sunm
1058 4251 1112 4318 vel
1133 4253 1258 4341 optati-

148 4377 229 4424 vum
245 4358 275 4425 ei
293 4358 487 4427 consociari.
539 4359 593 4426 De
612 4366 753 4446 utraque
769 4379 808 4425 re
822 4354 900 4423 alibi
914 4355 1050 4426 dictum.
