2842 4920
528 391 620 455 ιιι.
642 391 679 456 u.
724 389 823 454 cua.
843 395 875 456 s.
1201 399 1269 464 ιω
1391 352 1396 373 ’

151 585 319 656 caeterae
338 581 498 650 lectiones
516 581 684 651 debentur
704 582 961 654 correctoribus
997 582 1102 671 Quod
1122 587 1149 654 si
1170 609 1267 655 com-
1321 589 1323 591 ’
1350 640 1359 664 ,

149 712 273 783 parare
293 688 366 779 quis
382 686 475 755 volet
497 686 674 778 exempla,
700 687 736 753 in
750 687 871 780 quibus
896 685 980 782 ιιρίν
1003 689 1112 756 sulum
1132 698 1166 758 et
1182 691 1267 786 πρίν

152 795 198 866 ἄν
220 790 313 884 apud
332 791 481 882 tragicos
504 798 539 858 et
556 790 820 881 Aristophanem
841 791 1019 883 leguntur,
1044 814 1131 881 quae
1149 794 1268 861 sedulo

151 905 269 964 notata
284 894 380 962 dedit
394 892 574 961 Elmsieius
588 892 633 961 ad
651 891 812 961 Medeam
835 917 871 984 p.
891 891 976 962 119.
992 894 1093 963 facile
1114 883 1267 964 animad-

152 1008 272 1086 vertet,
298 995 400 1066 ubi
375 1024 421 1067 αν
435 996 588 1065 additum
603 1006 680 1086 εει,
692 1019 827 1089 semper
842 996 994 1086 aliquid
984 998 1100 1065 incerti
1116 1001 1264 1070 subesse

152 1126 183 1170 v.
207 1099 526 1277 ἑὲὲιιΑΒορλιοοΙὶε
560 1097 721 1190 Λχαιόν
757 1097 917 1194 συλλόγῳ
948 1123 1003 1192 ap.
1035 1101 1157 1173 Athen.
1186 1104 1258 1172 XV

153 1229 191 1297 P·

206 1363 375 1477 φορεῖτε,
401 1355 571 1478 μασσέτω
588 1381 659 1442 τις,
686 1353 831 1447 ίγχιίτω
847 1352 973 1450 βαθόν

205 1455 380 1557 κρητῆρ’·
404 1455 505 1533 ὅδ’
488 1452 602 1581 α’νήρ
599 1452 654 1530 od
649 1457 743 1557 πρίν
761 1457 808 1531 οίν
823 1454 920 1556 φοίγη
936 1459 1069 1550 καλός,

207 1561 317 1636 ὁποία
336 1590 395 1634 και
388 1560 532 1657 μαῖς’
514 1554 684 1658 ιργοίιης,
708 1555 908 1656 εργοίζεται

156 1719 232 1786 Νοιι
253 1727 307 1784 est
324 1716 414 1784 enim
432 1714 476 1782 de
497 1713 666 1805 praesenti
683 1723 810 1782 tautum
828 1725 983 1807 tempore
996 1716 1179 1807 loquutus,
1205 1717 1268 1786 sed

155 1821 327 1890 universe:
353 1819 414 1888 bic
432 1819 540 1889 bomo
557 1839 630 1886 ιιοιι
647 1841 822 1911 umquam
837 1828 940 1906 ante,
969 1842 1083 1912 quum·
1098 1819 1185 1890 bene
1200 1843 1265 1890 εα-

156 1921 443 2015 ικναιιιογιιονὶέ,
469 1919 629 1990 laborat.
681 1923 805 2011 Neque
815 1944 897 1990 vero
909 1922 1010 1992 alium
1025 1923 1058 1988 in
1073 1947 1177 2015 prosa
1187 1946 1267 1992 ura-

156 2029 369 2096 tionetusum
392 2026 543 2094 obtinere
571 2033 832 2094 cousentaneum
855 2037 915 2097 est.
968 2027 1078 2095 Recte
1097 2028 1267 2120 Reisigius

157 2139 261 2224 negat
283 2152 372 2221 opus
392 2151 466 2197 esse
483 2128 648 2248 particula
672 2127 717 2201 οίν
737 2128 773 2199 iu
787 2129 840 2198 his
853 2130 1002 2198 Platonis
1018 2129 1063 2198 de
1082 2132 1195 2223 Legg.
1207 2131 1267 2202 lX.
1309 2153 1312 2156 ⁴

156 2258 190 2328 p
205 2231 295 2306 872
310 2234 353 2301 Ε.
369 2231 439 2304 τοῦ
455 2257 526 2328 γαρ
542 2257 667 2304 κοινοο
652 2231 903 2323 μιανθέντος
919 2240 1075 2360 αἵματ’ρς
1090 2230 1155 2306 οόιι
1173 2229 1268 2307 εἶναι

156 2332 342 2433 ιιιίθαρσιν
367 2333 520 2457 ἄλλην,
528 2329 612 2406 οόδέ
639 2335 815 2409 ἔκπλυτον
837 2338 979 2409 ἐθέλειν
1007 2335 1198 2430 γίγνεσθαι
1221 2329 1269 2408 τό

156 2440 335 2567 μιανθέρ,
362 2436 446 2534 πρίν
469 2429 585 2559 φόνον
601 2431 720 2533 φόνῳ,
747 2437 863 2565 ομοίρι
888 2435 1037 2530 ὅμοιον,
1063 2433 1267 2559 ἦδριίσασα

157 2565 257 2673 ψοχνρ
270 2539 372 2638 τίση,
398 2539 458 2612 ιιαί
481 2532 595 2644 ιιοίσης
607 2541 672 2636 τῆς
688 2540 888 2632 ξογγινείας
904 2534 971 2613 τόν
986 2533 1111 2633 θομόν
1127 2536 1264 2635 αφιλα-
1371 2538 1381 2629 s

160 2646 300 2765 σαμέννγ
320 2641 477 2739 κοιμίσῃ.
519 2641 566 2709 At
592 2665 708 2711 caussa
722 2667 791 2712 non
811 2643 848 2710 in
867 2644 1032 2737 gravitate
1053 2651 1088 2711 et
1105 2642 1269 2736 dignitate

160 2749 318 2818 orationis
337 2743 542 2837 quaerenda,
569 2746 676 2814 sedin
688 2747 727 2816 iis
742 2747 864 2836 verbis,
890 2745 982 2816 unde
996 2746 1083 2816 haec
1095 2747 1270 2871 pendent.

160 2880 178 2924 ο
192 2876 263 2947 γαρ
279 2843 324 2947 δή
337 2847 491 2944 μόθοςῆ
505 2842 646 2942 λόγος
624 2877 644 2942 η
660 2847 683 2922 ὅ
700 2878 740 2921 τι
759 2845 829 2947 χρή
842 2843 1121 2973 προςαγορεόιιν
1137 2843 1265 2937 αὐτόν,
1326 2869 1329 2880 ·

159 2959 194 3027 in
218 2953 419 3025 παλαιόν
405 2952 529 3046 ιερέων
551 2952 690 3049 εἴρηται
712 2978 852 3044 σαφως,
887 2950 932 3032 cic
952 2950 975 3050 ἡ
993 2954 1067 3025 τόν
1092 2951 1268 3074 ξογγενοίν

160 3050 327 3178 αἱμάτων
349 3047 509 3149 τιμωρός
529 3050 654 3153 δίκη”
637 3052 826 3132 επίοιιοιιος
849 3046 950 3147 νόμῳ
972 3054 1105 3150 χρῆται
1128 3053 1182 3148 τῷ
1201 3052 1269 3124 νόν

161 3153 203 3256 έιγ
220 3160 412 3249 λεχθέντι,
437 3155 497 3228 καί
505 3155 636 3239 ἔταξεν
657 3153 730 3252 ἄρα
752 3150 930 3251 δράσαντί
943 3182 982 3229 τι
1002 3154 1176 3228 τοιοῦτον
1192 3181 1269 3227 πα-

159 3267 243 3335 θεῖν
275 3255 400 3335 ταότοί
429 3254 629 3352 ἀναγκαίως
654 3257 749 3355 ἅπερ
774 3260 936 3352 ἔδρασεν.
988 3260 1079 3327 Nam
1103 3259 1182 3348 quia
1202 3281 1267 3327 ue-

161 3366 305 3433 cessario
327 3361 552 3456 perpetienda
574 3386 647 3432 esse
663 3363 785 3432 eadem
805 3362 902 3447 dicit,
932 3386 1020 3452 quae
1043 3363 1126 3484 quis
1138 3363 1268 3450 fecerit,

159 3478 345 3561 propterea
361 3466 469 3565 πρίν,
495 3465 553 3532 ut
543 3488 577 3535 ιιι
593 3491 631 3536 re
650 3475 743 3535 certo
759 3475 1021 3555 consequutura,
1047 3468 1118 3535 sine
1139 3465 1186 3538 οίν
1199 3488 1269 3557 po-

160 3568 243 3645 suit
286 3571 505 3660 Quamquam
525 3571 599 3659 quis
620 3578 724 3663 neget
745 3580 779 3638 et
800 3568 867 3637 hoc
883 3570 918 3637 iu
930 3571 1029 3657 loco,
1056 3579 1090 3638 et
1109 3570 1220 3637 multis
1236 3570 1270 3635 in

161 3675 251 3761 aliis,
277 3675 379 3743 etiam
392 3670 476 3767 πρίν
492 3669 538 3744 οίν
556 3673 622 3743 (1ίοί
637 3674 811 3765 putuisse?
836 3674 942 3761 Nam,
969 3675 1083 3764 prouti
1097 3695 1170 3741 rem
1186 3694 1269 3738 con-

161 3777 306 3865 sideres,
333 3800 437 3869 saepe
457 3776 556 3844 etiam
572 3777 666 3867 quud
684 3786 813 3846 certum
837 3784 904 3863 est,
930 3777 996 3843 ulia
1014 3777 1142 3843 ratione
1161 3783 1200 3842 ut
1217 3774 1269 3843 in·

162 3890 293 3950 certum
315 3881 477 3973 proferri'
484 3889 614 3974 potest:
640 3890 678 3948 ut
698 3877 773 3972 hic,
801 3880 910 3948 sinon
923 3889 992 3947 tam
1012 3878 1113 3968 iliud,
1139 3899 1269 3967 sequu-

156 3988 273 4052 'turam
313 4007 389 4080 esse
424 4006 593 4077 poenam,
633 4007 736 4074 quam
780 4005 857 4050 eam
895 3982 1093 4072 aliquando,
1135 3980 1196 4050 sed
1232 3990 1270 4050 ut

157 4087 329 4157 'incertum
367 4089 410 4157 sit
438 4111 508 4179 quo
545 4096 719 4179 tempore,
755 4094 970 4174 sequuturam
1005 4086 1119 4155 dicere
1150 4084 1269 4153 volue-
1300 4094 1301 4097 ’

162 4190 218 4264 ris.
270 4190 386 4260 Dubia
408 4200 460 4259 est
476 4192 645 4318 scriptura
662 4190 698 4259 in
718 4190 911 4280 Politicop.
925 4188 1010 4258 281.
1031 4188 1161 4259 baliis
1176 4187 1268 4256 libris

164 4294 250 4388 ιιρίν
289 4322 355 4383 αν,
388 4286 459 4364 aliis
489 4296 573 4392 πρίν
597 4322 642 4367 αυ
632 4290 928 4385 praebentibus,
962 4293 1055 4383 quod
1080 4314 1149 4370 non
1176 4289 1268 4356 dixe·
1351 4343 1358 4356 ,

166 4398 228 4465 rim
248 4395 374 4467 falsum
394 4420 477 4467 esse
535 4400 615 4467 Non
641 4397 801 4466 assentior
826 4396 1039 4489 Reisigio‚
1030 4419 1064 4464 ιιι
1092 4391 1269 4462 Aeschinis
