2842 4920
524 340 656 403 LlB.1.
698 339 794 401 cte.
822 343 871 406 12.
1220 345 1265 407 63

148 536 242 603 facto
259 553 348 622 opus
371 538 460 599 esset
479 531 651 654 exposuit·
678 526 790 605 ταῦτ
806 527 850 630 ἦν
866 527 909 605 εὖ
931 526 1167 656 φρονούντων
1192 562 1263 659 αη-

150 630 310 733 δροίπων
319 690 333 724 ,
359 628 629 733 ἐπηρεαζόντων
651 635 690 708 δὲ
704 662 766 708 και
757 628 1075 731 διαφθειρόντων
1092 630 1142 709 τοί
1162 631 1263 758 πρό-

150 767 296 860 μματα,
319 734 345 809 οὶ
360 738 425 810 νῦν
447 734 553 810 οὗτοι
573 739 731 812 ποιοῦσι.
786 740 894 806 Recte
913 747 1040 824 vertas,
1066 749 1104 811 ut
1125 743 1262 809 omnino

151 846 209 913 ubi
223 844 387 910 omissum
401 839 494 910 est
468 868 533 924 αν,
559 864 625 933 per
640 842 872 912 indicativum.
899 841 967 910 ίιοο
982 854 1067 914 erat
1080 845 1263 914 hominum

151 947 382 1042 sapientium.
434 947 514 1013 Non
532 955 647 1037 potest
670 947 758 1015 enim
778 946 927 1038 opponi,
955 955 997 1015 at
1021 971 1094 1017 που
1118 956 1174 1018 est
1197 971 1260 1018 sa·
1360 984 1363 991 ·

146 1051 342 1146 pientiam,
383 1047 463 1135 sed,
506 1057 549 1118 at
574 1071 646 1118 που
671 1049 818 1142 facitis.
877 1050 975 1117 Idem
1009 1051 1053 1119 de
1084 1052 1170 1120 falsa
1191 1053 1260 1145 leg.

150 1179 187 1247 p.
209 1152 299 1242 395,
318 1152 378 1226 14.
400 1150 522 1224 καίτοι
542 1150 602 1224 καί
615 1150 720 1226 τᾶλλ’
736 1153 782 1227 οἷν
803 1149 940 1227 ἅπαντ’
955 1149 1164 1237 ἀκολούθως
1178 1151 1262 1229 τοιί·

151 1284 228 1339 τοις
242 1258 478 1379 ἐπέπρακτο,
489 1257 526 1327 εἴ
537 1283 592 1336 τις
605 1251 777 1330 ἐπείθετό
790 1285 867 1350 μοι.
890 1250 1012 1386 οιίηαρ
1027 1259 1135 1381 ἔγμγε
1150 1254 1262 1340 οὕτως

151 1388 195 1457 ην
213 1360 345 1440 ἄθλιος
363 1354 478 1481 ρυδ”’
452 1384 595 1488 αφρων,
622 1358 708 1441 ιδςτε
722 1355 893 1484 χρηματα
907 1360 977 1452 μὲν
991 1353 1148 1450 διδόναι,
1167 1365 1262 1455 λαμ·

103 1530 104 1535 ,
153 1458 335 1589 βαίνοντας
354 1459 449 1592 ὅρων
466 1463 622 1584 ἑτέρους,
636 1460 727 1585 ὑπὲρ
741 1465 804 1556 τῆς
818 1457 908 1559 πρός
922 1460 1016 1554 δμοίς
1031 1463 1261 1559 φιλοτιμίας·

155 1571 176 1639 ἁ
171 1564 275 1639 “’δ
249 1593 337 1639 ανευ
352 1564 421 1659 μὲν
444 1558 660 1660 διιποίνης
619 1559 681 1637 οιοί
703 1570 743 1637 τ’
763 1562 806 1655 ἦν
822 1565 1035 1662 πραχθῆναι
1044 1619 1058 1653 ,
1085 1568 1207 1661 πολλῷ
1224 1567 1262 1640 tt

153 1669 319 1762 μείζονας
335 1663 555 1763 ω’φελείας
521 1695 593 1756 ειχο
608 1662 706 1764 πόση
724 1696 769 1764 τη
756 1663 905 1757 πόλει,
932 1668 1028 1740 ταῦτ
1034 1664 1127 1740 ουκ
1145 1640 1264 1764 η’βου-

119 1834 121 1839 .
154 1767 270 1869 λόμην
294 1774 475 1862 γενέσθαι.
528 1771 625 1838 lnitio
651 1770 812 1863 posuit
786 1799 850 1860 αν,
882 1772 962 1862 quia
988 1772 1184 1864 oppositum
1214 1781 1264 1840 est

155 1871 233 1948 ἀλλ’
254 1871 300 1949 oti
317 1876 533 1968 πέπρακται.
585 1874 673 1942 Mox
687 1898 770 1944 vero
787 1875 912 1944 omisit:
945 1897 1056 1965 neque
1078 1875 1169 1943 enim
1194 1899 1264 1967 op-

154 1981 300 2072 positum
324 1978 508 2070 cogitatur,
530 1975 596 2070 fisi
625 1978 682 2047 ita
706 1979 859 2064 stultos,
895 1979 974 2066 sed,
997 1978 1081 2071 soei
1107 1978 1200 2064 ista,
1227 1988 1264 2050 et

155 2083 341 2176 sapienter
355 2081 510 2204 ρηὶδοιη.
562 2081 660 2151 Idem
680 2083 725 2151 de
748 2106 923 2174 eoronap.
942 2082 1036 2168 293,
1064 2082 1124 2151 12.
1151 2080 1264 2156 ταδ’
1231 2112 1264 2157 ει

157 2187 218 2259 νῦν
242 2185 356 2283 τρισίν
370 2183 515 2306 η’μερσίν
536 2178 612 2257 dno*
624 2186 687 2284 τῆς
700 2182 874 2316 Αττικης
891 2180 1043 2260 ὁδόν
995 2214 1058 2318 της
1072 2179 1191 2308 μοίχης
1205 2215 1263 2281 γε·

156 2292 321 2386 νομένης,
347 2287 525 2410 τοσρότος
540 2287 703 2370 κίνδυνος
717 2318 777 2362 και
770 2287 913 2415 φόβος
929 2291 1098 2411 περιόρτη
1111 2317 1179 2388 την
1197 2284 1264 2414 πό·

156 2395 233 2482 λιν,
260 2392 300 2463 τί
315 2390 374 2480 σ’ίν,
402 2393 440 2463 εἴ
451 2416 523 2463 που
538 2392 757 2490 πλησίον”
709 2421 773 2488 της
792 2387 909 2488 χιόρας
922 2385 1042 2466 ταότδ
1057 2393 1171 2464 τοῦτο
1187 2387 1264 2464 ποί-

156 2503 220 2576 δος
234 2497 377 2590 συνέβη,
404 2495 644 2591 προςδοκησαι
658 2496 771 2590 χρῆν,
795 2498 874 2564 Νοπ
891 2497 979 2564 enim
997 2496 1157 2587 oportuit,
1183 2496 1264 2586 quia

156 2621 220 2667 non
242 2607 293 2666 est
315 2597 398 2666 illud
422 2597 567 2682 factum,
605 2621 674 2687 quo
697 2599 789 2667 facto
817 2600 1030 2690 oportuisset.
1080 2598 1158 2665 Alia
1177 2598 1263 2667 ratio

158 2712 206 2770 est
218 2701 318 2769 huius
337 2701 405 2768 loci
422 2701 456 2768 in
471 2701 622 2792 Philipp.
642 2702 700 2769 Ill.
714 2727 751 2794 p.
766 2701 853 2788 112,
870 2697 905 2770 5.
924 2705 960 2774 εἰ
974 2702 1043 2794 μίν
1060 2695 1125 2774 οὖν
1138 2699 1263 2788 ἄπαν-

158 2831 213 2885 τες
238 2802 498 2896 (ὁμολογοῦμεν
522 2804 704 2878 Φίλιππον
726 2805 773 2899 τῇ
795 2800 898 2879 πόλει
920 2809 1092 2898 πολεμεῖν
1111 2804 1172 2927 ηαί
1195 2799 1264 2901 την

158 2901 298 3005 εἰρήνην
312 2904 577 3002 παραβαίνειν,
606 2904 711 2980 ου’δίν
731 2906 818 2979 ἄλλο
835 2911 908 2982 ἔδει
927 2902 994 2980 τόν
1010 2901 1194 3036 παριόντα
1210 2908 1264 2980 λε’·

158 3036 234 3103 ηειν
248 3037 310 3082 και
301 3007 659 3105 συμβουλεύειν,
635 3037 657 3104 η
675 3008 769 3089 ὅπως
783 3005 1044 3102 οἷσφαλίστατα
1063 3008 1122 3079 καί
1143 3008 1262 3130 ρηῖστα

159 3107 275 3186 ου’τον
290 3104 553 3205 οἷμυνουμεθα
581 3104 706 3206 επειδη
726 3107 762 3182 δ
778 3108 890 3191 οὕτως
904 3103 1048 3191 οίτόπως
1067 3111 1159 3181 ἔνιοι
1177 3103 1263 3182 διοί-

128 3260 130 3267 -
158 3243 309 3304 κεινται,
326 3213 412 3296 eicos
424 3206 933 3344 πόλειςκαταλαμβόνοντος’
915 3210 1065 3301 εκείνου,
1081 3205 1265 3284 καίπολλοί

157 3317 229 3391 τοῖν
244 3315 440 3446 υμετέρων
443 3344 611 3406 εχοντος,
635 3318 695 3390 καί
711 3310 849 3398 πόντος
863 3309 1081 3411 ἀνθρώπους
1093 3310 1261 3389 α’δικουν-

157 3448 230 3511 τος,
240 3417 440 3511 ἀνέχεσθαί
450 3448 561 3495 τινων
576 3422 614 3496 ἐν
627 3427 707 3502 ταῖς
724 3419 917 3542 ἐκκλησίαις
932 3412 1109 3543 λεηόνταν
1122 3413 1263 3492 πολλό-

157 3551 222 3611 κις,
240 3551 285 3604 ως
298 3522 603 3621 ημοίντινέςείσιν
617 3551 650 3596 οι
660 3519 927 3604 ποιοῦντεςτδν
940 3516 1152 3614 πόλεμον,’
1128 3515 1262 3618 ανοίγκη

157 3621 414 3721 φυλάττεσθαι
431 3653 491 3698 και
483 3625 770 3723 διορθουσδαι
780 3627 862 3722 περί
880 3620 1027 3699 τούτου.
1060 3625 1177 3694 videri
1192 3646 1256 3714 po-

156 3738 221 3798 test
240 3729 299 3798 hic
326 3728 521 3798 addendum
542 3728 698 3799 titisse*
671 3758 718 3803 αν
726 3785 740 3818 ,
767 3731 846 3821 quia
868 3730 997 3822 opponi
1018 3736 1149 3821 potest,
1181 3722 1262 3799 αλλ

157 3859 200 3905 ου
191 3828 275 3906 δεῖ
286 3829 393 3907 ουδὲν
408 3831 496 3906 ἄλλο
514 3836 641 3925 λέγειν
693 3833 809 3903 Nihilo
826 3834 934 3902 minus
954 3842 1047 3901 recte
1069 3831 1152 3900 omis
1154 3853 1190 3899 sa
1211 3837 1262 3899 est

154 3936 330 4028 particula.
380 3938 504 4028 Neque
518 3937 606 4006 enim
622 3938 669 4005 sio
683 3937 823 4030 intelligi
836 3936 923 4005 haec
935 3937 1040 4004 voluit
1055 3933 1262 4003 Demosthe-

155 4061 224 4126 nes,
250 4039 313 4109 sed
334 4063 441 4132 quum
465 4041 547 4110 velit
567 4041 766 4134 Philippum
790 4042 834 4109 ab
853 4040 1006 4109 omnibus
1018 4038 1152 4108 hostem
1171 4035 1262 4106 iudi-

155 4143 241 4233 emi,
266 4143 553 4235 vehementerque
572 4145 745 4238 improbet
759 4166 834 4233 eos,
857 4145 915 4235 qui
934 4144 1029 4211 aliter
1048 4143 1206 4229 sentiant,
1227 4142 1263 4209 in

154 4241 242 4316 hanc
263 4249 462 4318 sententiam
484 4249 650 4340 loquitur:
679 4248 839 4318 sinemo
867 4256 1034 4318 nostrum
1063 4243 1261 4331 dubitaret,

151 4349 253 4422 illum
263 4352 416 4425 ⁴hostem
430 4375 526 4442 esse,
552 4350 601 4423 de
622 4375 665 4423 eo
681 4362 826 4425 tantum
841 4375 899 4422 me
913 4352 1036 4422 dicere
1051 4371 1142 4443 ομαε
1163 4356 1260 4438 erat,
