2842 4920
434 353 721 418 INCREDlBlLIVM
747 353 860 415 LIBER
882 355 1037 419 RRIMV&
1223 365 1288 430 84ss

183 572 310 623 senon
333 546 477 639 amphus
499 544 657 613 adversus
681 567 737 612 mc
760 546 964 636 scripturum
992 571 1065 617 esse
1090 550 1282 626 affirmaret.

183 656 263 741 Quo
280 653 452 722 confessus
466 658 517 718 est
530 646 736 733 iniustitiam,
759 671 826 736 qua
841 659 875 716 et
888 649 1004 719 fuisset
1022 675 1129 743 usque
1147 654 1191 722 ad
1206 680 1284 725 eum

183 758 273 827 diem
292 751 593 849 reprehendendo,
620 759 654 819 ct
667 749 798 818 futurus
815 762 903 829 esset
917 776 986 821 non
1001 754 1284 847 reprehendendo

181 861 344 954 posthac:
377 879 454 925 nam
483 877 612 945 neque,
646 852 760 921 sinon
790 877 955 944 mererer,
986 859 1149 951 stringere
1170 863 1283 932 inme

181 965 249 1032 tela
272 986 334 1031 sua
354 960 518 1042 debebat,
545 957 623 1048 quia
649 954 792 1037 'odisset3
819 980 946 1048 neque,
975 962 1002 1028 si
1026 985 1189 1051 mererer,
1214 988 1285 1034 non

182 1069 367 1158 stringere,
396 1063 476 1153 quia
499 1062 587 1129 bene
606 1060 637 1128 ei
653 1059 785 1128 vellem.
837 1061 913 1130 Dixi
932 1063 988 1146 iis,
1015 1067 1074 1155 qni
1096 1066 1180 1135 illud
1200 1069 1283 1136 mihi

181 1170 378 1253 narrabant,
404 1189 472 1234 non
496 1174 702 1233 cessaturum
724 1163 945 1236 maledicere:
971 1190 1038 1235 non
1059 1192 1161 1260 posse
1183 1172 1282 1244 enim.

179 1274 227 1341 Et
241 1273 398 1364 profecto
422 1271 531 1338 factus
547 1277 598 1336 cst
614 1266 714 1334 etiam
733 1269 894 1336 acerbior.
949 1267 1042 1339 Olim
1062 1274 1151 1342 enim
1165 1297 1283 1343 eorum

180 1398 269 1465 quae
288 1399 308 1443 a
328 1398 384 1443 me
405 1373 532 1463 scripta
560 1379 655 1438 erant
675 1368 739 1437 alia
758 1392 827 1437 non
848 1371 1082 1462 improbabat,
1117 1365 1181 1445 alia
1197 1401 1282 1469 pro·
1402 1445 1404 1449 Α

179 1479 301 1564 habat,
327 1479 392 1546 alia
413 1477 514 1546 etiam
534 1472 711 1543 laudabatr
737 1472 825 1542 iniis
851 1496 950 1559 vero,
977 1499 1065 1565 quae
1089 1481 1221 1571 scripsit
1238 1480 1283 1549 ad

179 1580 444 1650 Demosthenem
470 1588 505 1647 et
529 1575 765 1657 Plutarchum,
791 1576 915 1666 probat
937 1578 1033 1659 nihil,
1063 1583 1283 1673 reprehendit

179 1686 308 1769 omnia,
336 1685 451 1751 tribuit
462 1704 550 1771 quae
562 1702 631 1748 non
648 1686 763 1770 potest
779 1678 1029 1770 reprehendere
1048 1684 1110 1750 sibi
1124 1687 1178 1752 vel
1200 1687 1283 1770 aliis,

178 1789 345 1880 vituperat
374 1787 562 1854 universam
590 1783 751 1852 rationem
774 1781 974 1872 studiorum,
1008 1796 1125 1854 monet
1143 1788 1281 1858 iuvenes

178 1892 293 1958 litteris
311 1913 452 1982 operam
474 1887 591 1956 dantes
613 1908 657 1953 ne
680 1883 818 1953 audiant
838 1908 912 1973 me,
939 1887 1031 1956 cuins
1047 1889 1084 1956 in
1103 1890 1183 1958 ludo
1199 1891 1281 1960 nihil

177 1996 352 2085 nisilvana,
371 1993 503 2085 inepta,
527 2011 634 2081 prava
652 1987 838 2074 discantur,
865 1989 1026 2079 quodque
1041 1995 1191 2062 omnium
1205 2018 1280 2063 ma.

177 2098 266 2165 rime
278 2097 401 2164 mirum
416 2105 487 2184 est,
512 2093 564 2160 his
578 2092 679 2159 rebus
697 2113 733 2158 se
749 2090 830 2158 boni
850 2091 910 2159 viri
926 2093 1041 2162 officio
1060 2095 1157 2187 fungi
1173 2107 1278 2189 putat

177 2201 260 2268 Mea
274 2199 412 2289 quidem
429 2196 592 2267 sententia
614 2194 735 2262 rectius
760 2203 795 2261 et
813 2194 932 2263 saltem
948 2194 1119 2267 honestius
1134 2200 1279 2289 fecisset,

178 2304 203 2372 si
220 2303 424 2394 perrexisset
444 2301 603 2368 lectiones
618 2296 839 2366 Academicas
860 2298 1009 2384 habere,
1036 2302 1227 2392 litterasque
1246 2314 1282 2373 et

176 2406 414 2475 humanitatem
436 2403 561 2472 docens
586 2400 676 2468 hunc
692 2398 810 2466 ludum
835 2423 947 2468 meum
971 2404 1107 2472 condita
1130 2406 1307 2478 meliorisb

177 2509 322 2600 exempli
353 2507 471 2576 schola
498 2506 710 2574 obscurasset
739 2511 841 2589 atque
873 2503 1041 2571 oblivione
1070 2507 1276 2598 obduxisset,

176 2635 280 2704 quum
308 2611 507 2702 praesertim
531 2608 631 2676 etiarn
657 2603 847 2672 doctrinam
878 2604 1067 2692 metricam,
1103 2618 1139 2676 ut
1161 2610 1277 2696 fertur,

175 2716 321 2806 hydram
342 2716 440 2782 istam
463 2714 670 2788 Lernaeam,
704 2727 790 2797 quae
817 2708 861 2774 ab
880 2705 1082 2779 Herculibus
1102 2722 1143 2778 et
1163 2711 1277 2782 Hera-

176 2819 282 2887 cliseis
300 2818 411 2885 occisa
425 2815 576 2885 nondum
594 2813 709 2904 periit,
736 2809 924 2880 decreverit
941 2811 1161 2904 exstinguere.
1206 2816 1276 2885 Sed

176 2945 243 2991 non
262 2922 356 2990 satis:
377 2941 558 3013 aggressus
579 2924 632 2984 est
649 2915 747 2995 etiam
763 2914 919 3002 animum,
946 2914 1206 2988 obtrectatorem
1221 2944 1276 2989 me

176 3025 518 3113 calumniatoremque
547 3042 691 3105 vocans,
731 3014 875 3106 denique
906 3015 987 3084 nihil
1015 3040 1082 3086 non
1110 3023 1188 3090 mali
1215 3046 1275 3093 ex·
1366 3096 1369 3105 ,

174 3130 350 3222 probrans.

276 3280 475 3367 Petulons,
494 3284 690 3372 protervo,
714 3267 897 3342 iracundo
922 3268 1063 3360 ammo,
1088 3273 1273 3367 indomito,

413 3454 418 3465 ¹
773 3370 995 3467 incogitato,
1097 3378 1110 3395 '

277 3483 368 3556 Sine
395 3481 506 3551 modo
540 3488 576 3549 et
607 3474 790 3547 modestia
822 3497 920 3560 sum,
961 3475 1038 3545 sine
1072 3475 1163 3548 bono
1194 3479 1274 3550 iure

775 3586 885 3672 atque
905 3577 1077 3667 bonore,-

278 3682 531 3772 Incredibilis,
561 3681 750 3778 imposque
772 3681 902 3770 ammi,
932 3679 1157 3769 inamabilis,
1191 3683 1271 3754 ille-

765 3783 881 3877 pidns
905 3785 1004 3870 vivo,

277 3888 523 3961 Mateuolente
545 3885 693 3981 ingenio
714 3895 835 3958 natus.

173 4040 246 4114 Sed
264 4042 392 4113 etiamsi
406 4039 538 4110 ethaeo
552 4047 587 4108 et
606 4063 694 4135 quae
709 4041 839 4129 reliqua
858 4036 903 4104 de
919 4058 957 4104 se
970 4035 1027 4104 ille
1045 4036 1155 4106 Plauti
1168 4036 1271 4109 Mue-
1362 4066 1364 4071 ⁴

173 4144 318 4216 silochus
330 4143 520 4238 praedicat,
545 4143 648 4212 inme
666 4154 824 4236 expetere
846 4139 1016 4226 crederet,
1048 4149 1161 4210 tamen
1182 4167 1269 4211 con-

147 4283 153 4303 ι
173 4249 290 4318 sultins
309 4260 397 4335 erat,
430 4248 570 4341 opinor,
598 4246 734 4337 aliquid
746 4248 862 4316 saltem
882 4242 965 4311 mihi
987 4251 1021 4312 et
1042 4244 1113 4312 veri
1133 4245 1267 4313 othoni

172 4352 379 4444 relinquere,
405 4374 450 4422 ue
464 4373 501 4422 se
521 4350 595 4443 ipse
614 4350 725 4423 iudicii
741 4348 834 4420 haud
849 4369 928 4417 sane
943 4345 1127 4440 incorrupti
1140 4369 1267 4441 suspe-
