2842 4920
196 364 261 427 2⁸66
327 358 381 419 nt
403 355 643 419 Assem!
666 353 958 417 PROMETHEO
981 354 1170 447 ΙὃθῐΝΤΟ

198 549 348 623 λίθων
330 546 456 631 ινίους,
482 546 736 620 κατακλοῖσθαι
750 545 789 618 δὲ
802 539 887 626 sotis
901 537 1158 640 ἄνθρωπος’
1133 573 1207 619 απο
1226 547 1300 621 τοῖν

96 720 99 727 .
200 646 392 751 ὀχημάτων
408 648 469 723 καί
489 649 722 743 γυμνοῦσθαι
743 648 805 720 καί
827 646 947 721 ὅπλων
970 646 1030 719 καί
1050 647 1250 746 ἐσθῆτος
1226 644 1303 724 απιί

199 755 262 850 τῆς
286 753 453 848 ἑμπνσῆς.
506 751 656 821 Galenus
675 750 777 844 igitur
793 753 840 819 sic
862 751 991 836 scribit,
1018 752 1111 820 cuius
1132 755 1302 821 totnmil-

149 857 277 926 24111111
296 880 355 947 qui
343 857 411 925 de
425 855 592 924 vocabulo
607 857 743 950 πέμιγιξ
757 864 807 923 est
828 855 941 922 locum
960 854 1067 941 dabo,
1094 857 1254 943 quoniam
1266 859 1303 925 in

200 983 241 1030 eo
263 963 364 1029 etiam
387 960 451 1027 alia
472 969 548 1027 sunt
575 967 753 1050 poetarum
775 957 986 1049 fragmenta,
1021 956 1142 1046 quibus
1174 960 1304 1049 aliquid

199 1064 438 1133 emendationis
455 1062 536 1130 mihi
556 1061 673 1129 videor
688 1060 811 1130 efferre
825 1084 935 1152 posse.
987 1060 1179 1131 Bentleium
1201 1065 1302 1150 enim,

199 1169 258 1257 qui
279 1169 313 1235 in
337 1167 481 1257 epistola
502 1165 548 1233 ad
567 1163 713 1233 Minium
733 1189 770 1255 p.
792 1160 880 1238 5⁰0.
899 1163 953 1231 eil
970 1164 1065 1254 Lips.
1084 1189 1162 1235 eum
1187 1166 1303 1235 locum

198 1272 368 1356 tractavit,
395 1268 542 1337 securius
557 1270 687 1358 sequuti
702 1277 775 1336 sunt
794 1266 984 1336 Brunckius
1000 1269 1141 1357 aliique,
1167 1271 1304 1338 reveriti

200 1375 430 1442 auctoritatem
453 1372 531 1457 viri,
564 1394 627 1439 nec
656 1370 859 1462 cogitantes,
895 1393 982 1459 quae
1003 1372 1060 1439 ille
1082 1395 1125 1441 ex
1144 1383 1304 1465 tempore

198 1476 350 1563 fudisset,
377 1497 444 1544 non
459 1474 581 1556 omnis,
608 1475 634 1542 si
651 1474 841 1565 diligentius
855 1473 1097 1565 expendantur,
1116 1477 1214 1544 firme
1228 1499 1304 1545 esse

199 1603 365 1649 mansura.
418 1575 512 1651 Νυνὶ
534 1572 571 1649 δ’
594 1572 737 1669 οῖρκίσιι
760 1581 837 1656 τοῖς
856 1584 1124 1671 γραμματικοῖς
1143 1576 1307 1655 οῖκσλοιιη

201 1676 384 1778 θῆσαντα,
411 1673 507 1753 κατοῖ
520 1673 587 1774 τῆν
605 1677 747 1751 ἑκιίνων
766 1672 932 1761 ὃισίταξιν
947 1682 1059 1755 εἰπεῖν
1072 1708 1110 1755 τι
1127 1682 1209 1775 περί
1229 1682 1303 1755 ταῖν

200 1779 295 1858 κατοῖ
316 1778 382 1881 τῆν
397 1785 562 1877 πίμφιγα
586 1783 871 1876 σημαινομένων.
899 1785 998 1857 δοκεῖ
1009 1785 1078 1876 μὲν
1095 1778 1167 1883 γοίρ
1186 1779 1303 1883 αὐτῆν

199 1888 258 1960 ἐπί
271 1888 335 1984 τῆς
348 1885 459 1982 πνοῆς
471 1883 660 1983 Σοφοκλῆς
675 1888 714 1956 ἑν
728 1883 883 1975 Κολχίσι
900 1885 1032 1976 λέγων’

365 2035 476 2134 α’πῆξι
490 2037 627 2131 πίμφιξ
644 2033 688 2117 οῖς
705 2036 813 2109 ἰπνοῦ
829 2032 1066 2136 σελαςφόροιι·

200 2174 258 2247 καί
273 2174 294 2248 ὀ
310 2167 420 2254 αὐτοῖς
433 2178 471 2246 ἑν
485 2175 681 2263 Σαλμωνεῖ
698 2167 884 2268 σατύροις

693 2302 854 2399 καίτοίχ
873 2337 919 2382 αν
932 2312 1105 2407 κεραονια

365 2412 424 2503 πίρ
408 2437 519 2505 μφιγι
534 2409 691 2507 βροντῆς
706 2439 765 2483 και
758 2410 976 2507 δοςοσμίαν
993 2410 1113 2508 λιίβοι

199 2559 376 2655 Αἰσχύλος
390 2562 464 2637 δί’
447 2590 485 2636 ιν
501 2567 698 2660 Προμηθεῖ
711 2559 891 2662 δισμοίτη·
963 2656 966 2661 ι

364 2711 556 2789 εὐθεῖαν
533 2741 620 2809 ορπι
635 2711 759 2805 τῆνδι
787 2718 846 2790 καί
860 2718 1049 2851 πρσίτιστρι
1064 2722 1180 2813 μὲν

361 2811 554 2939 Βορεάδας
571 2814 662 2912 ῆξιις
675 2813 764 2913 πρός
779 2814 910 2911 πνοαῖς,
938 2829 972 2942 ἴη
978 2813 1234 2917 εὐλαβοῦ

364 2914 507 3014 βρόμον
523 2919 799 3013 καταιγίζοντα,
824 2918 927 3020 μῆσ’
943 2921 1134 3024 οῖναρπιίση

365 3023 577 3120 δαςγιιμίριμ
592 3025 747 3120 πέμφιγι
764 3029 968 3160 συστρέψας
984 3057 1100 3137 αφιιω.

198 3179 256 3250 ι’πι
248 3175 379 3248 δί’
326 3202 399 3247 των
415 3170 569 3249 οῖκτίνων
585 3171 706 3247 αὐτοῖν
721 3180 821 3250 δοκεῖ
829 3156 1046 3275 χρῆσθαι
1009 3181 1062 3252 vot
1077 3182 1142 3303 τῆς
1161 3184 1299 3281 πίμφι-

197 3305 257 3370 γος
274 3272 432 3370 ὀνόματι
447 3277 672 3374 Σοφοκλῆς’
654 3305 692 3351 ιν
708 3279 864 3369 Κολχίσι
877 3308 972 3354 κατα
963 3276 1077 3356 τάδε
1090 3279 1142 3358 ‘coi
1153 3286 1241 3381 ἔπη·

693 3430 759 3505 κιῖν
778 3427 991 3527 ίθαιίμασας

360 3532 579 3632 τηλέσκοπον
597 3535 760 3629 πέμφιγα
776 3540 932 3630 χρυσέαν
949 3538 1044 3613 ἰδαίν.

197 3687 293 3762 οὕτω
310 3715 368 3759 και
360 3679 562 3774 Αίσχιίλος
579 3689 617 3760 ἐν
631 3686 845 3784 Ξαντρίαις·
925 3718 930 3731 ’

228 3903 231 3909 .
361 3839 404 3921 ἀς
419 3836 505 3959 σίῖτι
521 3839 659 3934 πίμφιξ
670 3836 772 3935 ῆλίοιι
788 3844 1062 3965 πρσςδέρκιται,

362 3937 444 4016 οὔτ
460 3935 672 4037 αστερωπον
690 3940 796 4037 ὄμμα
811 3938 1023 4042 Λητηίας’
979 3972 1094 4043 κορης.

198 4094 254 4166 ἐπι
269 4094 305 4167 δι’
324 4094 387 4190 τῆς
401 4093 581 4191 ρἀνίλσς“
560 4123 579 4167 ο
596 4088 707 4175 αὐτός
722 4123 831 4193 φησιν
846 4124 885 4170 ον
902 4102 1114 4195 Προμηθεῖ·

362 4247 555 4339 ἐξευλαβοιῖ
571 4247 609 4320 δὲ
625 4240 678 4342 μῆ
693 4274 732 4320 σε
747 4244 928 4370 προςβοίλη
943 4245 1063 4343 στόμα

361 4348 512 4442 πίμφιξ·
540 4343 652 4445 πικραί
662 4375 750 4445 γαρ,
779 4378 843 4423 κοιι
836 4325 921 4424 διαί
935 4353 1020 4448 ζωῆς
1034 4349 1157 4446 οῖτμοί.
