2842 4920
492 363 578 424 LIB.
600 363 655 430 1v.
699 362 852 429 (11113
1160 369 1225 433 lea
1320 402 1322 407 ‚

109 553 265 651 λοτόρου
284 547 540 679 ἀλγεινότερον
561 553 886 649 καταπεσούμενοι
939 555 1028 624 Nam
1051 554 1088 624 id
1109 555 1207 625 est
1168 585 1223 677 ορ

109 653 454 753 καταπεσούμενοι,
495 653 804 755 ἀλγεινότερον
779 687 825 731 αν
858 652 1124 740 καταπεσόντες
1152 655 1221 755 ἀφ’

98 759 353 857 unanimi-pou
407 762 623 851 Quamquam
644 763 758 831 nescio
783 785 826 829 an
849 763 1114 882 comparativum
1138 762 1224 831 iliud

110 861 157 944 cic
172 863 220 936 οἲν
238 864 387 954 quadam
400 866 632 958 negligentia
622 890 658 934 m
673 867 761 933 vitae
778 865 964 932 communis
979 888 1042 933 usn
1062 866 1163 933 etiam
1178 865 1223 934 de

109 990 149 1035 re
164 975 258 1036 certa
275 969 403 1036 dictum
417 970 475 1056 sit,
501 970 536 1047 in
552 993 620 1061 qua
633 967 853 1037 omittendum
867 978 940 1036 erat
956 966 1011 1040 ἄν.
1064 969 1110 1036 Vt
1129 969 1224 1062 apud

110 1068 270 1139 eumdem
289 1071 484 1164 Contempl.
499 1074 526 1140 l.
543 1096 579 1164 p.
595 1071 682 1140 488.
710 1065 911 1168 ξεναγήσεις
924 1063 994 1166 γοῖρ
1011 1067 1053 1145 ου’
1072 1067 1144 1145 οἷδ’
1161 1071 1222 1146 ότι

109 1199 158 1265 με
182 1176 497 1269 ξυμπερινοστσῖν,
524 1174 569 1255 εἰς
589 1175 635 1247 ἄν
660 1169 759 1254 sienis
781 1171 938 1246 ἅπαντα.
990 1176 1171 1243 Pausanias
1193 1176 1222 1245 1

112 1273 174 1362 21,
186 1273 259 1350 8.”’
240 1304 369 1358 ιππους
383 1274 551 1358 σολλας’
530 1305 677 1389 ειιοιοτος
692 1279 834 1374 τρέφει,
861 1304 906 1357 ως
921 1274 1062 1350 ἄνοῦτε
1076 1284 1109 1358 ἐς
1122 1280 1222 1351 ιδιω·

111 1379 187 1450 τόν
210 1374 360 1476 κλήρους
381 1408 445 1508 της
472 1381 535 1478 γῆς
554 1382 840 1501 μεμερισμένης,
874 1378 961 1452 οὔτε
984 1407 1022 1452 τι
1046 1376 1223 1477 φερούσης

111 1475 205 1577 πλην
228 1479 362 1580 ὕλης’
337 1484 487 1613 αγρίας,
515 1481 581 1556 οἵτε
600 1482 715 1556 ὄντων
726 1477 922 1606 νομάδων.
975 1483 1222 1553 Demosthenes

110 1608 147 1676 p
160 1584 248 1671 519,
259 1586 319 1658 lu.
337 1614 398 1658 ναι
390 1582 581 1683 θόρυβον
595 1585 653 1658 ιιαὶ
668 1611 802 1708 ιιροτον
812 1611 986 1656 τοιουτου
998 1612 1042 1666 ως
1058 1584 1104 1658 ἄν
1120 1614 1222 1659 snat·

112 1687 261 1769 νοῦντές
280 1717 321 1761 τε
350 1690 410 1762 ναὶ
436 1690 672 1786 συνησθέντες
699 1681 900 1772 ἐποιήσατε
957 1686 1129 1778 P.,1352
1161 1689 1220 1758 2⁶6.
1285 1728 1289 1734 ·

112 1818 173 1862 ται
193 1794 358 1866 συνέπινε
386 1793 446 1866 ιιαὶ
476 1791 741 1865 συνεδείπνει’
723 1789 889 1863 ευαντίον
912 1790 1054 1863 πολλῶν
1076 1740 1222 1888 Νόαιρα

113 1890 207 1992 αὕτη
233 1892 278 1974 cic
304 1924 349 1966 αν
373 1894 503 1992 ἑταίρα
529 1891 632 1967 οὖσα.
683 1895 823 1962 Rectius
848 1893 1004 1961 omisit
979 1921 1025 1965 αν
1050 1895 1084 1962 in
1103 1894 1222 1963 iisdem

112 1999 226 2066 verbis
238 2021 275 2090 p.
289 1996 401 2086 1353,
414 1998 448 2070 9.
476 1996 588 2084 1354,
601 1997 636 2066 8.
665 1995 777 2084 1361,
792 1994 852 2063 lii.
867 1995 927 2067 27.

216 2098 398 2170 Caeterum
411 2127 479 2171 non
491 2103 605 2170 inutile
619 2101 721 2170 faciit
734 2100 913 2188 monuisse,
940 2122 1052 2169 errare
1068 2101 1126 2190 qui
1139 2123 1223 2193 par-

112 2203 263 2297 ticipium
275 2228 353 2273 cum
366 2205 412 2279 ἄν
420 2209 570 2275 iunctum
584 2229 686 2298 saepe
701 2204 783 2272 nihil
796 2203 887 2271 aliud
903 2226 975 2271 esse
988 2212 1223 2296 putantqnam

113 2309 149 2379 εἰ
158 2329 237 2376 cum
253 2308 360 2378 verbo
373 2311 467 2378 finito
483 2311 720 2401 compositum
773 2310 863 2376 Nam
877 2307 964 2375 haec
980 2330 1048 2375 non
1069 2317 1120 2375 est
1140 2332 1224 2400 par-

24 2447 27 2453 ·
112 2410 235 2479 ticulae
259 2413 326 2499 vis,
360 2413 456 2483 sed
446 2415 550 2505 ipsius
575 2412 745 2504 participii
767 2412 867 2480 etiam
888 2412 1028 2480 carentis
1047 2411 1222 2543 particula.

112 2512 160 2581 Vt
173 2514 268 2606 qnod
282 2517 380 2586 estin
398 2516 487 2586 Oed.
500 2518 546 2589 R.
564 2514 651 2587 446.

218 2667 391 2754 συθείςτ’
407 2669 453 2743 ἄν
463 2726 477 2761 ,
505 2666 569 2744 σόα
587 2669 633 2746 ἂν
650 2660 819 2762 αλγόναις
832 2666 963 2755 σλεον,

114 2820 182 2890 dici
195 2823 333 2910 quidem
347 2826 471 2916 potuit,
498 2828 533 2898 εἰ
545 2823 704 2921 ουθείης,
732 2821 793 2890 sed
809 2844 877 2890 non
891 2827 1033 2912 propter
1046 2817 1112 2895 ἄν·
1139 2843 1223 2919 poss

114 2934 166 2993 set
187 2927 276 2994 enim
300 2929 400 2996 etiam
425 2930 453 2996 si
478 2929 611 2996 abesset
634 2925 701 3014 ἄν,
728 2925 822 3014 quod
845 2933 895 2993 est
914 2933 1057 3014 propter
1082 2925 1224 2992 alterum

115 3027 161 3099 ἄν
176 3031 334 3120 positum.
360 3033 479 3122 ltaque
493 3032 565 3099 fere
578 3031 636 3098 ubi
648 3027 826 3120 participio
843 3027 995 3093 iunctum
1009 3035 1058 3094 est
1071 3025 1132 3114 ἄν,
1159 3027 1223 3093 ad-

115 3132 222 3200 ditum
237 3143 288 3202 est
303 3135 403 3203 etiam
418 3136 546 3218 verbo,
568 3132 663 3223 quod
686 3154 764 3199 cum
780 3130 837 3197 illo
852 3128 1031 3221 participio
1053 3127 1222 3197 cohaeret

115 3235 220 3320 Quod
241 3238 268 3305 si
297 3239 407 3327 dicas,
435 3235 560 3317 συθείς
583 3235 651 3326 ἄν,
679 3231 743 3307 σόν
768 3229 929 3326 οἷληυνεῖς
948 3233 1078 3309 πλέον,
1105 3233 1167 3300 en‘t
1187 3231 1224 3300 id

114 3339 312 3410 inconcinne
333 3343 475 3430 dictum,
510 3343 590 3431 quia
610 3362 677 3408 non
701 3339 777 3407 satis
803 3335 983 3405 commode
1006 3335 1225 3427 solvi-potest

114 3441 149 3508 in
172 3442 322 3542 συθείης
336 3443 382 3519 ἄν
391 3502 404 3534 ,
431 3444 491 3517 ναὶ
513 3439 576 3516 οὐκ
599 3440 894 3534 οἷλγυνεῖςσλέον.
948 3439 1007 3508 Sic
1030 3439 1125 3530 apud
1149 3441 1223 3509 An-

115 3544 305 3635 tiphontem
319 3573 356 3641 p.
385 3547 471 3618 712.
496 3546 614 3615 Reisk.
632 3543 711 3636 (54.
729 3539 764 3639 ἕ.
781 3541 841 3610 16.
855 3542 986 3634 Bekk.)
1006 3565 1112 3631 quum
1123 3543 1224 3635 lege-

114 3656 222 3737 retur,
250 3644 338 3723 ἐλεόν
354 3648 390 3725 δ’
410 3651 455 3724 ἄν
476 3644 638 3733 οἷξιοόσεις
651 3676 699 3740 με
717 3645 948 3734 α’σοιιτεῖναι,
974 3646 1111 3713 mallem
1127 3645 1225 3714 Bek-

114 3751 216 3821 kems
233 3749 402 3837 α’ξιοόσαις
416 3755 578 3840 dedisset,
604 3774 673 3841 quo
689 3751 782 3818 ducit
799 3748 922 3817 codicis
942 3749 1037 3816 unius
1049 3748 1225 3879 scliptnra

116 3850 284 3952 οἱξιιόσης,
322 3881 424 3949 quam
451 3867 568 3927 contra
589 3878 704 3924 omnes
729 3854 834 3920 libros
857 3850 1063 3920 mutasset
1038 3879 1084 3925 αν
1107 3853 1142 3920 in
1168 3849 1224 3925 αὖ.

116 3959 196 4043 Quo
216 3961 336 4029 clarius
353 3985 408 4031 res
429 3971 563 4054 pateat,
589 3969 664 4026 utar
688 3956 746 4024 illc
768 3955 980 4047 isocratisp.
1001 3951 1036 4022 5.
1060 3956 1105 4028 D.
1130 3956 1226 4046 quod

115 4063 202 4130 infra
216 4064 316 4131 aliam
338 4066 384 4134 ob
401 4089 555 4134 caussam
568 4060 781 4130 afferendum
797 4058 877 4128 erit:
904 4056 929 4129 ἂ
946 4062 1022 4139 τοῖς
1039 4055 1203 4141 ἄλλοις*
1178 4087 1224 4132 αν

115 4159 344 4263 πράττουσιν
359 4163 565 4265 ἐπιτιμῴης.
616 4165 708 4233 lds1
727 4165 774 4232 sic
787 4163 983 4247 mutaveris,
1011 4160 1036 4232 οἳ
1057 4187 1132 4244 τοις
1154 4161 1225 4234 ἄλ-

115 4271 191 4392 λοιρ
216 4264 444 4368 πράττουσιν
473 4268 665 4366 ἐπιτιμᾷς,
699 4277 749 4336 est
776 4266 830 4352 id,
864 4265 889 4337 οἳ
910 4271 986 4345 τοῖς
1018 4261 1158 4354 αλλοις,
1192 4266 1227 4338 εἰ

115 4364 361 4469 πράττουσιν,
398 4373 575 4470 ἐπιτιμᾷς.
627 4372 722 4440 Pone
747 4367 910 4439 autem
884 4396 908 4440 α
932 4373 1009 4448 τοῖς
1029 4364 1204 4447 αλλοις
1178 4393 1225 4440 αν
