2842 4920
482 389 962 460 orssaarrrro.
1217 407 1282 483 m

170 582 233 655 ναὶ
248 585 289 656 ἐν
305 584 464 654 Πενθεῖ·

337 728 426 831 μηδ’
442 739 599 825 αἵματος
612 737 778 830 πέμφιγα
793 730 884 832 πρός
897 739 992 834 πέδῳ
1000 711 1126 843 μόλῃς.
1249 782 1251 787 ·

170 887 229 964 ε’πλ
253 888 293 962 δέ
312 885 381 960 ποῦ
401 886 532 981 νέφους
549 888 649 960 δοκεῖ
661 884 844 976 τετάχθαι
860 885 956 964 noro?
969 888 1055 967 τόδε
1075 889 1121 969 τό
1135 898 1218 979 ἔπος
1235 905 1272 974 έν

167 995 369 1083 Σαλμωνεῖ
383 981 554 1085 σατύροις
569 982 671 1084 παρό
683 994 869 1084 Σοφοκλεῖ
873 1016 880 1033 ·

335 1143 491 1235 πέμφιγι
507 1134 642 1236 πλήσας
656 1140 746 1235 ὄφιν
763 1137 897 1239 α’γνέλφ
913 1141 1035 1243 πυρός.

167 1295 226 1367 ναὶ
241 1270 336 1389 παρ’·
348 1286 494 1386 Ἰβόιιῳ·

333 1438 483 1526 πυνινός
496 1445 678 1541 πέμφινας
690 1443 871 1540 πιόμενοι.

167 1602 332 1675 λέλεκται
354 1595 392 1670 δ’
421 1594 531 1677 οὗτος
549 1625 569 1669 ο
561 1592 694 1690 λόγος
717 1596 818 1695 αὐτῷ
837 1597 932 1673 νατό
945 1630 1029 1676 τινα
1046 1603 1318 1703 παραβολήν25

168 1703 225 1778 ε’πι
247 1701 517 1793 χειμαζομένων
533 1702 743 1822 εἰρημένην.
740 1697 816 1775 διο
830 1731 889 1775 ναι
904 1706 977 1778 τόν
992 1711 1268 1837 opoyoroorpmir

169 1833 203 1878 οι
197 1809 428 1879 ’πλεῖστον’
411 1803 469 1876 επὶ
488 1802 561 1876 τοῖν
576 1831 670 1876 νανα
691 1831 776 1886 τους
791 1803 953 1900 ὄμβρους
969 1810 1154 1902 σιαγόνων
1169 1814 1269 1909 εἰρῆ-

169 1907 261 1983 σθαί
277 1934 368 2002 φασι
386 1932 452 1987 τας
468 1907 658 2000 πέμφιμας.
686 1935 706 1979 ο
698 1904 762 1980 δέ
780 1908 1017 2017 Καλλίμαχος
1031 1908 1114 1985 ωδε·

327 2085 379 2155 μη
372 2051 461 2130 διό
475 2056 665 2153 πεμφένων
679 2059 914 2154 ἐναγίσματα.

167 2211 187 2285 ὁ
202 2212 242 2286 (λε’
258 2207 456 2308 Εὐφορίων
470 2208 599 2292 οὕτως·

330 2355 511 2461 ἠπεδανόυ
529 2366 703 2460 πέμφινες
718 2362 949 2463 ε’πιτρόζουοι
970 2369 1144 2443 θανόντα.

163 2517 383 2588 ludicandum
397 2527 447 2585 est
461 2517 591 2607 pasch,
615 2517 696 2605 quid
708 2517 741 2583 in
755 2518 807 2584 his
821 2528 998 2608 poetarum
1012 2525 1173 2612 exemplis
1187 2547 1265 2593 mu-

165 2623 313 2691 laverim
365 2621 516 2688 Primum
540 2643 560 2686 a
586 2619 766 2711 Sophoclis
790 2619 1010 2690 Colchidibus
1036 2623 1264 2716 fragmentum

165 2728 211 2795 sic
222 2726 384 2843 scriptum
399 2732 487 2792 erat·
514 2719 624 2810 όπῆξε
639 2725 812 2817 πέμφιξιν
825 2750 868 2795 ov
861 2719 1051 2805 πέλας
1001 2753 1129 2821 φορου.
1156 2728 1263 2798 Bent-

164 2830 259 2914 laiuS,
286 2824 398 2926 όπῆξε
415 2828 551 2918 πέμφιξ
564 2821 696 2897 Ιονίσυ
709 2828 816 2906 πέλας
829 2821 945 2946 πόρου
963 2830 1018 2896 vel
1033 2832 1069 2912 ἐξ
1082 2836 1127 2903 ἕω
1141 2839 1262 2916 οελας-

163 2926 291 3029 φόρου.
343 2933 390 2998 At
410 2929 536 2996 debent
557 2929 714 3019 exempla
734 2928 819 2995 haec
837 2931 948 2996 omnia
964 2932 1011 2998 sio
1031 2954 1103 3001 esse
1119 2957 1261 3030 compa-

161 3046 244 3122 rata,
269 3042 309 3101 ut
318 3056 360 3100 ex
374 3033 455 3122 ipsis
470 3040 643 3123 appareat,
668 3054 737 3119 quo
751 3031 938 3122 significatu
955 3033 1044 3100 dicta
1058 3035 1100 3102 sit
1113 3039 1260 3132 πέμφιξ.

160 3140 200 3207 ln
219 3140 277 3206 illa
295 3135 478 3228 Sophoclis
500 3134 617 3202 fabula
631 3134 675 3202 de
693 3134 870 3227 ignivomis
889 3136 988 3203 tauris
1007 3159 1091 3223 quos
1105 3138 1181 3206 laso
1195 3140 1260 3208 do-

160 3244 298 3311 muisset
320 3262 430 3308 sermo
450 3248 537 3307 erat:
565 3260 633 3327 quo
661 3260 703 3306 ex
719 3239 796 3306 loco
817 3238 960 3306 servavit
973 3240 1132 3307 nonnulla
1146 3242 1259 3312 Scho-

159 3347 270 3413 liastes
284 3343 421 3411 Pindari
441 3343 485 3409 ad
506 3340 605 3431 Pyth.
621 3342 678 3409 lV.
695 3339 782 3413 398.
834 3341 889 3410 Ex
902 3365 1019 3410 eorum
1036 3345 1170 3412 naribus
1193 3347 1258 3415 ha-

157 3451 251 3517 litum
269 3447 359 3516 exire
378 3446 512 3513 dicebat
535 3454 659 3535 poeta,
685 3445 712 3512 si
734 3445 816 3534 quid
837 3446 954 3533 video,
982 3448 1116 3535 qualem
1141 3442 1257 3519 fumus

156 3554 299 3644 spiraret
319 3550 402 3616 vivis
419 3549 619 3616 carbonibus
635 3549 794 3639 repletus.
846 3549 904 3616 Ad
920 3544 1142 3646 σελαςφόρου
1161 3576 1257 3622 com-

154 3656 270 3747 parari
282 3661 396 3745 potest
408 3653 476 3721 hoc
490 3651 724 3743 Aristophanis
738 3652 818 3718 Pac.
833 3650 921 3724 839.

650 3796 724 3877 οἱπό
741 3801 886 3877 δείπνου
902 3805 997 3883 τινὲς

319 3906 393 3979 τόν
409 3905 588 3980 πλουσίων
606 3903 711 3979 οὗτοι
724 3903 908 3999 βαδίζουσ
924 3903 1086 4000 ἀστέρων
1093 3956 1107 3990 ,

320 4003 444 4090 ἰπνοός
456 4011 618 4100 ἔχοντες,
645 4013 684 4083 έν
702 4009 740 4082 δέ
754 4015 830 4089 τοῖς
845 4012 981 4081 ἰπνοῖσι
997 4007 1079 4102 πῦρ.

151 4161 256 4245 Quod
279 4163 428 4251 sequitur
453 4163 696 4255 fragmentum,
730 4163 766 4228 in
788 4183 829 4228 eo
850 4161 1045 4252 legebatur,
1079 4150 1249 4253 ιιεραόνια
1336 4154 1337 4158 ’

150 4264 322 4384 wippilo,
364 4265 571 4387 βροντης,
581 4264 640 4336 καὶ
667 4262 855 4355 δυςοσμίας
887 4257 1004 4355 λάβοι.
1069 4260 1250 4342 Bentleius,

151 4366 246 4458 quod
269 4368 411 4453 mirere,
443 4396 501 4440 ναι
523 4361 609 4457 πόχ’
630 4366 675 4439 όν
697 4360 887 4463 Κεραύνια
911 4366 1062 4460 πέμφιξι
1095 4362 1250 4459 βροντῆς
1312 4466 1321 4483 ⁸
