2842 4920
152 371 197 434 28
488 361 550 423 DE
587 360 933 428 Pluurcvuaiv

155 563 254 633 ταῖα.
305 553 378 625 Sed
398 575 464 621 non
485 558 535 621 est
550 574 610 620 cur
626 554 835 646 ‹liscipliceat
849 556 910 622 ista
925 556 1067 642 locutio,
1095 561 1187 628 cuius
1211 559 1269 630 hic

158 683 272 735 sensus
289 667 357 749 est,
382 661 458 738 τοῖς
476 653 591 738 οὕτως
608 655 653 733 ἄν
670 655 714 740 dc
729 655 831 732 εἷπον
850 660 943 741 νεόις
957 654 1040 733 οὖσι
1053 662 1222 745 παιδίοις.

660 861 751 935 vffl..

338 1015 405 1088 De
429 1013 483 1091 αἲν
509 1036 605 1086 cum
629 1015 893 1095 indicativo
909 1016 1083 1114 futuri.

259 1170 437 1264 Pergimus
455 1169 500 1238 ad
527 1168 573 1241 ἄν
595 1192 673 1239 cum
690 1171 805 1241 futuro
825 1173 1055 1261 coniunctum,
1090 1194 1159 1262 qna
1182 1195 1266 1242 con—

156 1275 354 1363 structione,
381 1273 531 1362 quamvis
551 1273 742 1364 improbata
756 1278 1001 1367 grammaticis,
1028 1276 1115 1367 epici
1134 1285 1266 1345 veteres

155 1378 208 1445 usi
221 1386 298 1445 sunt
311 1377 514 1468 saepissime,
535 1399 646 1467 -quum
661 1366 798 1467 quidem
812 1380 938 1468 aliquid
953 1380 1080 1446 fortuiti
1094 1381 1203 1447 inesse
1218 1381 1266 1447 rei

155 1480 288 1549 litturae
310 1480 523 1548 indicandum
546 1489 714 1570 putarunt.
764 1481 836 1550 Sed
857 1506 968 1571 neque
983 1482 1128 1566 Latinis,
1154 1506 1267 1572 neque

155 1582 333 1651 Germanis
347 1584 512 1675 particula
527 1592 588 1667 est,
603 1606 690 1672 quae
704 1585 738 1653 in
750 1584 818 1654 hoe
831 1609 959 1678 genere
973 1585 1100 1675 ubique
1112 1586 1266 1654 Graecae

153 1687 338 1777 particulae
352 1687 420 1754 uim
440 1687 613 1776 exprimat

256 1789 479 1857 Nihilominus
497 1789 629 1878 percipi
644 1788 714 1857 eius
734 1799 883 1880 potestas
905 1793 1031 1880 ubique
1045 1799 1168 1881 potest.
1220 1790 1267 1861 vt

154 1915 175 1960 a
191 1891 434 1960 difficilioribus
448 1889 624 2001 incipiam,
651 1891 744 1980 quod
757 1890 884 1984 Odyss.
908 1923 939 1989 y.
960 1892 1020 1962 80.
1038 1895 1180 1986 legitur,

259 2045 373 2141 εἴρεαι
388 2035 556 2116 ὁππόθεν
573 2043 689 2135 εἰμέν·
710 2042 777 2138 ἐγώ
795 2047 836 2119 (λε’
845 2047 888 2119 ad
900 2072 960 2120 τοι
974 2047 1176 2135 καταλέξω,

153 2199 190 2266 id
204 2184 408 2266 Germanice
424 2194 534 2264 dicas:
554 2176 713 2264 'tcu'wiu
732 2195 796 2264 dir
810 2219 850 2266 οε
863 2197 960 2266 wohl
975 2220 1105 2290 augea.
1160 2199 1266 2283 Quod

153 2301 236 2390 quid
259 2299 300 2368 sit
319 2300 346 2368 si
366 2299 552 2366 accuratius
574 2321 732 2387 quaeras,
759 2309 918 2391 apparet,
951 2324 1084 2368 sensum
1105 2324 1196 2388 esse,
1231 2305 1266 2373 εἰ

152 2402 376 2498 πωρώσει,
404 2402 538 2476 dicam.
591 2401 648 2471 Sic
662 2403 762 2477 etiam
777 2404 872 2476 lliad.
890 2413 916 2485 ξ.
937 2403 1025 2472 26λ.

256 2551 338 2628 ἁλλ’
352 2553 431 2646 ἴο’“,
452 2550 521 2649 ἐγώ
538 2557 581 2630 dc'
591 2557 633 2628 ιε’
646 2582 705 2629 τοι
720 2554 897 2653 Χαρίτων
918 2555 1008 2647 μιάν
1031 2550 1264 2655 ὁπλοτεράων

258 2653 358 2732 δώσω
377 2655 591 2752 σ’πυιεμέναι
607 2658 667 2731 καὶ
688 2652 753 2758 σήν
770 2659 967 2756 κεκλῆσθαι
982 2657 1136 2732 αἰιοιτιν.

151 2813 231 2881 Non
241 2821 291 2880 est
310 2811 399 2880 enim
411 2811 498 2879 haec
513 2813 618 2879 oratio
632 2812 825 2903 simpliciter
839 2822 872 2880 et
888 2812 958 2880 sine
972 2813 1162 2882 conditione
1178 2838 1263 2905 pro-

150 2915 325 3002 mittentis,
351 2915 413 2982 sed
440 2916 587 3003 aliquam
603 2916 788 2982 adiicientis
808 2916 1065 3000 dubitationem,
1093 2918 1120 2984 si
1136 2919 1264 2987 scilicet

85 3099 90 3111 1
150 3019 248 3087 alteri
268 3019 413 3111 placeat.
467 3017 665 3086 Cuiusmodi
682 3020 716 3085 in
735 3020 818 3086 locis
834 3029 988 3109 apertum
1010 3028 1079 3106 est,
1106 3043 1173 3087 non
1193 3043 1262 3112 po-

149 3123 252 3212 tuisse
265 3121 306 3194 τὲ
320 3122 414 3213 poni,
442 3121 535 3210 quod
552 3131 603 3190 est
616 3122 870 3210 quodammodo
886 3122 1081 3190 affirmantis
1095 3123 1141 3210 id,
1168 3125 1263 3214 quod

149 3227 224 3294 lieri
237 3218 494 3293 consentaneum
510 3232 570 3292 est.

252 3327 413 3417 Apertior
437 3335 487 3394 est
514 3326 565 3394 rei
594 3324 751 3394 fortuitae
775 3326 976 3419 significatio
998 3328 1033 3394 in
1063 3326 1117 3396 his
1139 3331 1261 3419 verbis,

150 3428 244 3498 lliad.
257 3455 292 3500 α.
316 3426 401 3499 130.

459 3561 481 3638 ὃ
496 3561 539 3638 δι’
550 3590 609 3637 νεν
622 3559 860 3654 κεχολώσεται
868 3618 882 3654 ,
910 3562 953 3638 ὅν
969 3592 1029 3639 ιιεν
1047 3572 1188 3660 ἵκωμαι.

90 3748 93 3755 1
149 3705 226 3775 Alia
238 3703 394 3795 exempla
408 3700 486 3770 vide
501 3724 585 3770 vers.
599 3695 685 3767 523.
702 3704 732 3773 ὃ.
754 3700 840 3772 lto.
856 3712 882 3788 ζ.
899 3701 984 3770 260.
1004 3712 1043 3774 θ.
1058 3692 1144 3773 40⁴.
1165 3702 1258 3775 alil.

149 3806 238 3879 386.
261 3808 320 3899 ubi
339 3818 453 3875 tamen
477 3803 677 3894 quibusdam
704 3807 871 3897 optativus
894 3807 1038 3898 placuit,
1061 3830 1206 3897 eumque
1225 3809 1260 3875 in

148 3920 322 4004 postrema
337 3910 482 3979 editione
500 3908 613 4000 posuit
631 3908 783 3977 Wolfius.
811 3919 838 3991 ξ.
860 3907 945 3977 230.
962 3937 992 3981 ο.
1012 3907 1098 3983 211,
1116 3938 1148 4000 ρ.
1171 3908 1258 3978 515.

149 4041 183 4106 χ.
198 4011 259 4082 42.
287 4012 354 4082 Od.
375 4017 405 4086 d.
428 4010 489 4080 80.
509 4006 596 4078 λ53.
615 4037 650 4082 π.
674 4010 760 4081 29λ.
781 4037 813 4108 ρ.
837 4008 924 4082 540.
952 4040 984 4086 τ.
1010 4008 1098 4085 558.
1118 4012 1153 4081 h.
1171 4014 1258 4083 Ven.

151 4113 235 4188 14⁰.
276 4116 333 4208 ,Et
347 4114 409 4194 ἄν,
436 4115 529 4182 Iliad.
546 4142 577 4205 χ.
592 4111 655 4189 60.

252 4246 368 4325 αὐτόν
386 4247 423 4325 δ’
440 4251 485 4323 ἄν
503 4243 674 4343 πύματόν
688 4280 736 4346 με
755 4246 855 4334 τιν’νες
870 4244 1032 4350 πρώτῃσι
1049 4249 1206 4351 θύρῃσιν
1299 4269 1301 4273 ’

252 4352 417 4453 ώμησταὶ
431 4348 606 4455 ἐρύουσιν.
