2842 4920
208 388 272 452 842
456 377 754 441 lucuuululmvu
776 377 889 440 Lmuu
910 376 1063 444 PRIMVS.

209 575 322 660 ferus,
347 573 525 640 Immemor
543 540 725 656 monentis,
751 537 1137 666 iti‘gqcaporqndtqc,
1164 565 1221 637 vel
1241 591 1316 636 ma-

209 674 460 746 ledicentissimi
481 682 624 766 poetae,

317 822 362 903 ori
388 820 458 923 yda
495 821 633 909 sacta,
672 821 901 897 κατθανοῦσι
936 827 1128 945 arowasia
1161 819 1222 897 ἐπ’
1246 818 1317 896 oia-

301 944 303 949 ’
875 928 1017 1021 ὅρασιν.

214 1083 287 1154 Sed
307 1079 484 1151 Schaeferi
509 1079 612 1166 odiis,
639 1077 747 1146 donec
762 1097 881 1146 eorum
897 1078 956 1167 qni
975 1078 1151 1148 uobiscum
1164 1079 1320 1149 vixerunt

214 1187 391 1277 quisquam
414 1193 584 1277 superstes
607 1182 686 1267 erit,
711 1202 778 1248 non
802 1175 945 1248 deerunt
960 1181 1037 1249 iusti
1059 1182 1197 1253 iudices.
1249 1184 1319 1269 Qui

211 1299 291 1383 post
302 1289 433 1373 vivent,
459 1286 631 1379 provisum
645 1292 711 1369 est,
737 1291 776 1350 ut
788 1305 876 1374 quae
889 1292 966 1353 sunt
981 1307 1119 1354 caussae
1137 1295 1250 1354 tanae
1264 1288 1320 1355 iu-

212 1392 341 1476 vidiae,
366 1412 435 1458 nou
452 1412 540 1479 quae
559 1394 814 1480 praetexuntur,
841 1408 897 1455 eas
911 1387 1043 1479 penitus
1059 1389 1123 1456 sint
1139 1398 1241 1480 atque
1260 1412 1319 1457 or-

214 1494 292 1564 dine
318 1493 495 1584 cognituri.
547 1493 669 1581 Neque
691 1490 780 1558 euim
803 1489 878 1557 irati
898 1513 1011 1559 sumus
1033 1492 1139 1579 irato,
1166 1502 1224 1561 aut
1245 1493 1322 1562 lae-

216 1597 298 1666 dere
317 1596 470 1664 volumus
491 1594 651 1664 laedendi
668 1593 775 1662 nullas
797 1602 832 1660 et
852 1615 897 1660 ne
914 1592 1159 1687 indignissimas
1181 1594 1321 1685 quidem
1388 1644 1391 1649 -

216 1709 303 1768 artes
325 1697 598 1790 adspernantem,
640 1696 700 1766 sed
724 1695 930 1789 ignoscimus
957 1697 1070 1790 potius
1100 1708 1135 1768 et
1160 1709 1322 1788 quantum

216 1803 290 1870 lieri
313 1803 440 1894 poterit
462 1801 694 1870 excusabimus
713 1799 882 1868 infelicem
907 1822 1057 1868 errorem
1081 1803 1217 1883 mentis,
1251 1825 1322 1892 quo

216 1906 285 1995 vir,
310 1904 373 1973 nisi
386 1904 555 1996 impotens
576 1904 676 1972 animi
691 1900 796 1991 esset,
827 1903 974 1994 optimus
989 1905 1114 1973 amicos
1132 1926 1197 1997 pro
1213 1903 1323 1974 hosti-

191 2010 280 2080 4bus
294 2006 441 2091 habens,
467 2030 532 2075 uec
556 2031 643 2097 quae
667 2006 758 2073 facta
785 2027 851 2096 pro
873 2007 995 2095 quibus
1017 2007 1115 2076 factis
1136 2006 1260 2076 reddat
1271 2010 1323 2077 vi-

217 2111 319 2197 deus,
343 2111 418 2201 ipse
435 2110 498 2178 sihi
513 2110 694 2200 famaeque
705 2131 784 2177 suae
796 2108 905 2177 factus
922 2118 973 2177 est
985 2109 1130 2179 hostis.“
1173 2110 1325 2182 Attente

216 2214 311 2282 haec
332 2210 393 2280 ubi
419 2212 580 2304 legerint
605 2213 668 2304 qai
690 2211 804 2280 multo
830 2233 889 2279 me
917 2227 986 2281 usa
1007 2221 1159 2300 contat,
1193 2214 1324 2286 dicant

217 2315 359 2387 sattsue
377 2315 432 2383 ad
451 2314 571 2384 vivam
594 2313 643 2384 ab
666 2313 737 2383 hoc
760 2311 910 2409 artifice
927 2336 1106 2408 expressa
1123 2316 1172 2387 sit
1192 2317 1324 2412 inrogo

218 2415 437 2510 Schaeseri:
474 2417 605 2504 ceteri,
639 2416 673 2488 si
689 2438 843 2509 qaorum
864 2415 1011 2511 referat
1026 2443 1084 2489 me
1097 2440 1223 2508 nosse,
1249 2422 1324 2493 illis

219 2523 433 2592 auserdteat.
486 2521 547 2592 De
565 2521 611 2590 iis
635 2521 696 2613 qui
708 2528 798 2612 post
819 2519 952 2610 vivent,
989 2523 1085 2594 alios
1109 2532 1252 2594 terreat
1269 2525 1325 2594 ia-

219 2635 434 2720 corruptum
465 2647 579 2718 aeque
600 2625 686 2694 ullis
711 2621 919 2718 fraudibus
948 2625 1195 2720 expugnabile
1227 2627 1324 2698 iudi-

220 2730 316 2800 cium
325 2726 579 2821 posteritatis,
604 2751 662 2797 me
674 2750 746 2796 aon
765 2735 890 2796 terret.
926 2727 1066 2798 Reislrii
1080 2752 1225 2818 manes,
1246 2732 1325 2824 qui-

220 2832 287 2902 bus
320 2830 496 2901 Hulensis
529 2833 599 2901 iste
630 2831 737 2899 horno
769 2828 959 2922 illuserat,
995 2855 1067 2927 ego
1093 2834 1193 2904 attus
1227 2857 1325 2905 sum:

219 2956 319 3005 meos
340 2942 447 3004 eraut
468 2934 528 3026 qui
549 2959 575 3005 a
602 2933 827 3004 contumeliis
845 2935 1057 3006 vecordium
1081 2937 1327 3023 calumniato-
1392 3020 1395 3028 ¹

220 3060 304 3109 ram
328 3046 500 3109 tutentur.

323 3142 421 3210 Haec
443 3140 589 3210 scribere
612 3136 837 3207 Schaeferum
860 3141 1010 3231 potuisse
1034 3164 1139 3232 quum
1154 3142 1211 3210 alii
1229 3144 1327 3212 multi

221 3246 449 3325 mirabuntur,
473 3253 546 3312 tum
562 3264 630 3334 ego
646 3242 781 3309 miratus
797 3265 872 3311 sum
888 3245 1054 3331 maxime,
1080 3246 1138 3334 qui
1150 3244 1231 3313 huic
1252 3249 1326 3315 viro

222 3359 346 3437 atquo
376 3356 532 3438 tempore
554 3345 680 3413 amicus
707 3368 781 3413 esse
812 3344 990 3415 videbatur
1015 3356 1049 3416 et
1067 3357 1251 3440 postquam
1272 3350 1325 3417 in-

214 3450 446 3521 imicissimum
472 3472 544 3516 esso
566 3469 813 3540 cognoveram,
839 3472 1053 3541 quacumque
1078 3453 1114 3520 in
1129 3475 1167 3520 re
1185 3475 1327 3544 possem

223 3577 293 3624 non
314 3551 418 3621 modo
440 3560 596 3644 rogatus,
623 3550 802 3619 sedetiam
818 3552 907 3620 ultro
928 3577 969 3621 ea
986 3554 1139 3624 dederim
1162 3555 1327 3624 amicitiae

224 3659 443 3742 documenta,
469 3663 631 3744 tantoque
651 3654 760 3724 studio
781 3677 847 3746 pro
865 3678 906 3724 eo
927 3656 1168 3745 laboraverim,
1193 3665 1230 3728 ut
1251 3660 1327 3750 ipse

224 3769 258 3829 et
273 3770 352 3829 ante
371 3758 434 3828 hos
454 3757 617 3826 tredecim
633 3780 735 3825 annos
758 3758 810 3846 (et
824 3767 976 3829 tamena
1001 3761 1251 3854 duodetriginta
1271 3784 1327 3831 me

223 3865 419 3932 iniuriosum
433 3887 506 3931 esse
525 3863 587 3952 ait)
614 3862 824 3954 amplexans,
851 3865 1064 3955 exosculans,
1091 3887 1328 3954 summumque

102 4041 104 4045 ¹
224 3966 369 4034 amicum
388 3989 485 4033 suum
505 3964 629 4034 vocans
650 3966 773 4057 gratias
794 3965 880 4032 mihi
898 3989 967 4035 uon
986 3967 1056 4037 sine
1076 3968 1219 4036 lacrimis
1241 3990 1328 4060 age·

139 4116 142 4123 -
225 4078 293 4154 ret,
319 4077 353 4135 et
370 4067 502 4136 duobus
519 4069 590 4137 fere
604 4068 728 4136 abhinc
741 4069 852 4158 annis,
875 4092 979 4159 quum
993 4095 1070 4140 eum
1086 4070 1167 4140 nihil
1183 4094 1328 4141 succen-

226 4194 301 4238 sens
325 4168 418 4237 domi
439 4194 519 4238 suae
538 4173 766 4240 convenissem
788 4173 929 4263 periculi
951 4175 1123 4244 cuiusdam
1153 4173 1329 4243 avertendi
1392 4238 1399 4255 ,

228 4295 359 4360 caussa,
386 4272 545 4362 factoque
566 4274 793 4366 cognovisset,
821 4275 913 4365 quod
938 4300 1005 4345 non
1031 4286 1228 4370 putaverat,
1260 4300 1330 4346 non

228 4374 391 4444 destitisse
413 4398 469 4444 me
493 4377 524 4445 ci
549 4375 637 4445 bene
661 4378 766 4482 velle,
801 4373 1243 4472 familiaribus'quibusdam
1262 4383 1329 4451 suis
