2842 4920
417 361 845 443 flnnnnsnenncrls
873 368 1033 434 nnnel.
1214 381 1279 445 247
1345 317 1355 343 ⁹

325 548 493 636 πολλάκις
506 555 685 631 Αἰολικοῦ
698 548 859 647 κύματος
881 554 1086 655 α’ντιπίρας.

272 655 402 739 Ἀτθὶς
416 655 453 731 d'
468 657 530 730 οἶα
545 659 699 750 μέλισσα
712 654 953 757 πολυπρήωνα
967 658 1125 766 κολαίνην

324 757 489 834 λιίπουσ’
505 764 544 832 ἐν
559 766 746 856 τραγικαῖς
761 757 825 857 ᾖδε
839 767 1096 857 χοροστασίαις

272 857 424 954 Βάκχον
439 862 500 936 καί
514 855 582 936 cde
595 858 705 959 ἔρωτ’
720 859 1073 965 α’γειραιθοιαρωδος
1100 930 1108 946 .
1138 930 1146 944 .

171 1059 376 1070 .—-—--—

252 1167 302 1233 57.
324 1166 409 1225 Libri
423 1158 520 1238 αὖθις
532 1175 562 1224 et
583 1169 781 1247 πολυπρίωνα
801 1165 952 1251 κυδοίνην.
996 1174 1166 1257 Lennepius
1181 1183 1274 1240 πολυ-

166 1247 297 1339 πρήωνα
312 1247 467 1316 Κολωνόν.
509 1249 707 1312 Ruhnkenius
719 1248 828 1331 Ἀτθὶς
839 1266 869 1316 et
884 1251 1033 1335 κὀλσίνην.

249 1337 422 1405 59.’ΰοάθ.
449 1337 523 1398 Ven.
548 1345 578 1396 et
610 1339 697 1396 [σοι.
720 1335 1016 1423 ἄγειραιθειαρειθσς.
1060 1347 1123 1404 Pal.
1148 1355 1177 1406 et
1199 1356 1271 1407 vett.
1305 1368 1310 1377 ·

164 1425 235 1486 edd.
251 1415 541 1504 οἷγεῖραιθόίρειὸός.
588 1421 646 1480 Vix
660 1424 803 1484 credibile
817 1435 877 1503 est,
900 1429 1041 1506 Lennepii
1059 1431 1271 1510 suspicionem,

162 1512 259 1570 latere
280 1509 312 1566 in
329 1507 378 1567 his
396 1527 506 1566 nomen
517 1505 692 1584 Themidis,
714 1530 803 1588 quam
826 1510 968 1590 Sophocli
987 1514 1046 1573 iam
1062 1517 1123 1574 seni
1143 1528 1271 1576 amatam

162 1616 226 1656 esse
243 1593 413 1653 Athenaeus
433 1598 563 1652 testatur
581 1612 611 1670 p.
630 1595 701 1658 592.
723 1595 759 1654 A.
775 1595 808 1653 Β.
831 1595 1009 1657 Ruhnkenio
1028 1619 1135 1678 parum
1157 1604 1271 1680 proba·
1376 1609 1380 1622 ’

161 1681 254 1742 bilem
267 1680 365 1738 visam
383 1699 465 1754 esse,
494 1688 530 1737 ut
544 1677 620 1736 adeo
635 1676 779 1757 posthoc
794 1680 946 1741 distichon
966 1683 1065 1761 aliud,
1096 1688 1271 1762 quonomi-

160 1767 255 1827 natim
271 1765 475 1845 appellaretur
487 1762 632 1838 Themis,
655 1764 798 1824 omissum
814 1787 879 1826 esse
893 1770 1054 1846 putaverit.
1099 1771 1200 1844 Quum
1216 1776 1271 1832 So-

159 1851 288 1934 phocles
311 1859 437 1929 propter
458 1849 636 1908 suavitatem
657 1851 823 1911 carminum
840 1848 904 1930 apis
923 1854 1074 1914 vocitatus
1098 1843 1153 1930 sit',
1184 1867 1269 1936 patet

160 1933 212 2002 οἷα
229 1957 291 1996 non
308 1935 346 1994 ad
361 1931 465 2008 Ἀτθὶς
485 1934 610 2015 μέλισσα
623 1934 817 2005 referendum
841 1958 923 2014 esse,
945 1949 980 1999 ut
998 1940 1037 1999 sit
1056 1939 1182 2000 Atticae
1198 1946 1269 2022 apis

131 2086 133 2090 ς
159 2027 279 2096 ι’πτιανς
300 2021 355 2079 sed
377 2019 518 2098 coniungi
537 2019 632 2079 verbe
654 2018 844 2080 debere'lioc
865 2024 974 2096 modo,
997 2019 1047 2087 οἷα
1064 2019 1120 2106 ἥδε
1138 2023 1268 2108 Βάκχον.

157 2110 266 2186 Itaque
292 2115 375 2166 recte
396 2104 694 2184 Schweighaeuserus
718 2104 750 2164 in
777 2107 815 2166 iis
838 2127 915 2188 quae
937 2089 1115 2171 exciderint
1140 2114 1268 2174 verbum

159 2195 249 2274 quale
271 2200 316 2252 est
334 2185 508 2272 γιγνώσκεις
529 2191 580 2250 vel
598 2186 692 2253 οἶσθα
714 2192 846 2270 positum
871 2194 962 2254 fuisse
981 2194 1145 2274 iudicavit,
1167 2210 1267 2259 molus

157 2277 306 2339 similibus
324 2277 400 2336 locis
417 2298 447 2336 v.
465 2279 514 2342 49.
531 2281 581 2341 73.
593 2277 645 2342 75.
674 2277 746 2336 Veri
762 2279 860 2339 simile
876 2290 922 2340 est
939 2280 996 2341 hos
1011 2303 1117 2343 versus
1133 2283 1170 2343 ad
1186 2285 1268 2346 hune

156 2365 222 2426 fere
238 2363 361 2424 modum
376 2361 505 2442 scriptos
519 2362 625 2420 fuisse:

323 2485 430 2562 Ἀτθλς
444 2490 461 2550 d
469 2482 477 2508 ’
489 2482 540 2593 ρία
552 2486 693 2566 μέλισσα,
716 2484 925 2569 πολυπρήωνα
939 2490 1087 2555 Κολωνιίν

360 2575 485 2636 λείπουσ
505 2619 515 2649 ,
539 2572 572 2634 ἐν
586 2579 740 2656 τραγικαῖς
755 2565 813 2659 ᾖδε
827 2577 1036 2657 χοροστασίαις

145 2793 254 2858 ’σίσιιισ,
277 2810 354 2862 quam
377 2788 516 2860 exemplis,
539 2790 636 2911 puibus
655 2789 713 2862 ipse
732 2789 867 2860 plurimum
885 2790 1002 2845 tribuere
1018 2792 1101 2856 solet,
1125 2791 1266 2847 defendere

154 2864 247 2947 melle,
273 2862 343 2932 quod
365 2861 488 2923 diximus,
512 2859 657 2942 vieenmr:
682 2861 824 2942 feiebitur,
837 2861 944 2943 teredo,
967 2860 1037 2914 inter
1058 2857 1151 2930 ὅμοροι
1167 2862 1265 2946 aliquid

154 2938 319 2985 mtenectum
337 2948 394 2984 esse
412 2946 504 2999 posse,
529 2947 552 2980 er
570 2931 635 2980 hoec
654 2929 873 2981 considerarent:
894 2930 990 2982 Strabo
1006 2931 1076 2982 XVL
1091 2949 1119 3000 p.
1132 2934 1192 2986 738.
1207 2932 1265 2986 mit.

155 3002 222 3065 (vol.
236 3002 283 3053 Vl.
296 3020 323 3070 p.
336 2999 396 3055 246.
410 3000 452 3051 ed.
466 2998 628 3065 Tzscbnck)
650 2993 667 3064 ἡ
686 2999 704 3050 d
712 2995 719 3016 ’
732 2995 865 3063 Ἀτουρία
879 3003 939 3059 τοῖς
950 2998 1015 3063 περὶ
1025 2995 1152 3070 Ἀρβηλα
1166 2997 1265 3062 τόποις

155 3066 264 3139 ὅμορός
277 3067 350 3134 ἐστι,
367 3061 470 3136 μεταξιί
486 3067 587 3134 ἔχουσα
601 3065 651 3118 τίν
667 3063 760 3120 Λύκον
775 3062 910 3132 ποταμόν.
935 3067 966 3117 ld
979 3067 1102 3134 Epitome
1119 3069 1184 3121 dicit
1196 3073 1263 3137 πλη-

155 3144 218 3196 σίον
234 3135 390 3224 Ἀρβήλων.
402 3209 414 3222 .
426 3137 587 3190 Scholiastes
605 3135 690 3224 Apoll.
705 3135 756 3224 lib.
777 3137 798 3189 l.
814 3135 875 3189 419.
893 3134 941 3221 καί
957 3137 1119 3224 Νίκανδρος
1135 3135 1166 3190 ἒν
1182 3141 1261 3222 τρίτη

154 3211 313 3264 Αίτοσλικων
333 3207 428 3278 ἕκτης
448 3203 478 3260 ἐν
499 3206 617 3273 Αἰτωλίᾳ
642 3206 780 3273 Ορτυγιας
794 3204 864 3271 φησλ
883 3223 935 3274 την
952 3210 1047 3271 Δηλον
1064 3209 1262 3275 ονομασθηναι

153 3279 273 3348 γράφων
290 3275 373 3334 τάδε·
399 3275 427 3331 οἳ
446 3270 520 3340 δ’ἐξ
539 3273 690 3343 Ὀρτυγίης
708 3275 859 3338 Τιτηνίδος
880 3270 1065 3344 ὁρμηθέντες,
1095 3275 1122 3329 ol
1135 3274 1186 3343 μὲν
1210 3273 1261 3346 τὴν

148 3348 295 3415 Ἔφεσον·
314 3347 344 3402 οἳ
360 3344 390 3401 δὲ
408 3345 487 3414 (eod.
504 3346 565 3398 Per.
581 3342 661 3399 ἄλλοι
677 3341 722 3413 di)
739 3346 790 3414 τήν
805 3343 943 3413 πρότερον
958 3347 1054 3411 Δῆλον
1067 3344 1260 3414 καλουμένην·

155 3417 234 3474 ἄλλοι
246 3416 277 3475 di
289 3419 369 3486 (Cod.
382 3418 444 3469 Per.
455 3415 481 3468 οί
490 3411 535 3482 dl)
553 3411 787 3482 τήνὸμοτὲρμονα
805 3418 934 3478 Σικελίας
951 3415 1031 3483 (eod.
1040 3416 1099 3469 Per.
1113 3418 1260 3485 Σικελίην)

153 3491 249 3558 νῆσον,
270 3482 340 3544 ὅθεν
352 3485 500 3554 Ὀρτυγίαι
516 3485 605 3539 πᾶσαι
620 3487 752 3556 βοοῑνται.
787 3487 831 3539 Ex
844 3485 884 3539 his
896 3487 1040 3554 fragmenta
1054 3485 1184 3561 Nicandri
1194 3487 1260 3540 hoec

153 3576 245 3614 01¹¹ss-
363 3638 393 3696 οἳ
411 3636 440 3694 d’
458 3638 487 3705 ἐξ
503 3636 655 3708 Ὀρτυγίης
675 3639 822 3708 Τιτηνίδος
839 3634 1027 3709 ὁρμηθέντες,

361 3709 392 3766 οἳ
402 3706 454 3778 μὲν
468 3707 686 3778 ἴτηνἘςοεσον·

152 3797 358 3868 (sequebantur,
377 3803 407 3852 ut
418 3796 538 3861 videtur,
555 3796 664 3849 duorum
676 3794 777 3848 nomina
787 3794 914 3862 virorum)
940 3797 981 3844 eb:

370 3883 372 3887 ’
596 3873 679 3934 ἄλλοι·
694 3876 723 3934 d'
741 3874 916 3946 ὁμοτίρμονα
933 3877 1021 3945 νῆσον

362 3951 508 4021 Σικελίης,
526 3951 617 4005 πᾶσαν
633 3946 722 4004 τόθεν
738 3944 886 4018 Ὀρτυγίαν
902 3944 1050 4018 βοόωνται.

151 4037 215 4090 Νοα
232 4034 275 4088 bic
288 4041 361 4089 certe
374 4037 407 4091 de
415 4055 447 4090 eo
461 4036 566 4090 ridetur
578 4040 695 4104 tempore
706 4036 772 4089 haec
784 4033 926 4103 scripsisse,
944 4049 994 4102 quo
1008 4037 1089 4114 pente
1102 4028 1146 4083 vel
1158 4047 1256 4099 aggere

151 4104 240 4158 iuncta
254 4106 390 4174 Syracusis
402 4113 443 4159 est
456 4104 576 4174 Ortygie.
614 4104 691 4167 Quod
704 4104 737 4155 de
756 4112 873 4167 accentu,
891 4120 942 4172 quo
952 4107 1066 4162 Λεκτον,
1085 4117 1136 4152 non
1149 4101 1254 4154 Λέκτον

152 4173 314 4228 scribendum
333 4175 382 4239 sit,
406 4175 470 4228 dicis
483 4175 657 4236 Scbeeferus,
670 4190 721 4225 non
732 4173 828 4224 Strabo
843 4182 900 4225 eret
914 4170 1075 4253 efferendus,
1098 4168 1166 4237 apud
1183 4185 1257 4250 quem

152 4239 1257 4380 ¹:33'¹:0le1nn:'¹3¹0llll}ffinll¹¹⁰2ll¹¹⁵bl3l0ln²lullum„lene

156 4381 291 4451 quieliter
302 4383 448 4436 scriberent
459 4387 594 4453 apparent.
629 4351 636 4366 ι
668 4349 675 4364 .
748 4351 752 4361 ¹
1102 4343 1110 4370 ³
