2842 4920
239 341 283 412 ἰθ
582 345 641 407 DE
676 341 950 407 Pan‘sscvnl
971 338 1017 408 dr

239 555 530 627 quorumcumque
548 545 740 629 temporum
764 535 847 622 sint,
878 543 992 602 umen
1021 542 1150 602 certum
1174 533 1370 624 quoddam

238 650 376 730 tempus
400 639 462 706 sibi
490 641 670 731 proprium
693 640 858 723 habeant,
886 661 925 705 ac
948 647 1134 729 propterea
1153 639 1352 730 saepissime

188 830 192 839 .
238 745 373 812 illorum
393 752 603 833 temporum,
629 766 773 834 quorum
792 741 886 808 modi
906 751 1001 824 sunt,
1025 741 1220 832 primariam
1243 743 1352 834 signi-

238 847 431 915 ficationem
444 847 605 919 amittant.
658 848 705 915 Et
725 845 934 914 coniunctivo
950 844 1088 933 quidem
1102 845 1229 934 ubique
1243 846 1350 937 signi-

238 951 352 1018 ficatio
374 949 537 1018 adhaeret
556 951 667 1018 futuri
719 952 809 1018 Nam
830 948 955 1016 indicat
974 949 1031 1015 ille
1044 947 1183 1038 quidem
1196 949 1272 1017 fieri
1286 949 1352 1016 ali-

238 1054 338 1143 quid,
364 1052 534 1121 factumve
547 1077 638 1138 esse,
664 1053 785 1122 sedita
804 1051 946 1138 indicat,
971 1060 1009 1119 ut
1025 1053 1215 1144 exspectan
1228 1045 1351 1144 postn-

193 1234 196 1239 ,
238 1156 302 1242 let,
325 1155 434 1223 donec
449 1158 653 1247 experientia
665 1180 738 1225 rem
757 1155 969 1246 comprobet.
1023 1153 1128 1239 Quod
1146 1164 1259 1222 autem
1279 1178 1351 1223 non

239 1255 333 1327 aliter
346 1260 420 1327 lieri
432 1259 637 1328 censendum
655 1269 722 1348 est,
749 1281 852 1349 quam
866 1280 971 1347 quum
983 1259 1058 1326 fieri
1073 1259 1285 1351 cognoveris,
1311 1258 1351 1328 id

238 1384 347 1451 usque
374 1360 455 1429 dum
476 1365 680 1456 cognovisti,
706 1362 856 1430 nondum
878 1383 945 1452 pro
967 1361 1058 1429 facto
1083 1361 1204 1430 haberi
1222 1370 1348 1453 potest.

238 1465 290 1532 lta
317 1467 464 1557 exempli
490 1490 608 1535 caussa
630 1469 794 1565 γένηται,
831 1465 892 1533 etsi
915 1474 967 1533 est
993 1466 1165 1558 praeteriti
1186 1463 1350 1557 temporis

239 1569 485 1656 coniunctivus,
510 1580 642 1659 tamen,
669 1571 748 1658 quia
773 1569 1000 1637 coniunctivus
1022 1579 1090 1655 est,
1122 1569 1225 1636 futuri
1258 1579 1349 1636 tem-

221 1673 331 1764 ¹poris
354 1672 502 1762 aliquam
517 1673 794 1767 significationem
810 1672 931 1760 habet,
958 1682 992 1741 et
1010 1671 1148 1762 quidem
1167 1673 1271 1741 futuri
1287 1694 1348 1739 ex*

238 1775 315 1847 acti.
369 1775 541 1860 Quoniam
561 1778 649 1845 enim
665 1776 803 1875 adrem
816 1778 978 1860 refertur,
1005 1777 1097 1843 cuius
1116 1776 1237 1844 veritas
1255 1774 1349 1842 facto

197 1888 203 1907 ¹
238 1879 474 1969 cognoscenda
492 1880 549 1968 sit,
575 1878 658 1947 illud
673 1878 766 1967 quod
787 1901 829 1947 ex
849 1902 940 1946 care
956 1887 994 1946 ut
1017 1902 1058 1947 ex
1076 1879 1267 1947 conditione
1288 1901 1350 1947 sua

235 1980 386 2072 pendet,
414 2005 483 2050 non
498 1982 594 2050 aliter
610 1991 720 2050 ratum
740 1983 820 2065 erit,
847 2005 950 2071 quam
966 1983 1102 2073 cognita
1122 1983 1189 2049 iam
1210 1981 1349 2050 veritate

236 2085 286 2152 rei
304 2085 414 2168 istius,
440 2107 484 2152 ex
499 2108 565 2174 qua
579 2084 725 2176 pendet:
751 2107 782 2151 v.
799 2107 828 2151 c.
847 2078 956 2154 καλόν
971 2111 1031 2156 τοι
1046 2081 1178 2175 yloioo’
1193 2082 1266 2178 ὅτῳ
1283 2083 1350 2155 πί-

238 2211 315 2265 στις
328 2187 428 2282 παρῇ
435 2211 446 2255 .·
473 2185 570 2256 dona
587 2195 643 2256 eat
658 2185 808 2256 dicendi
816 2184 1014 2278 facultas,
1040 2186 1074 2253 si
1089 2186 1148 2253 cui
1160 2185 1270 2279 fides
1289 2187 1350 2276 sit,

237 2288 258 2359 i.
276 2310 305 2354 e.
320 2298 359 2356 ut
369 2289 565 2380 explicatius
587 2290 707 2378 dicam,
730 2289 928 2358 laudanda
945 2297 1001 2357 est
1016 2288 1164 2357 dicendi
1170 2287 1351 2381 facultas

236 2390 274 2460 in
291 2413 344 2482 eo,
370 2392 407 2460 in
423 2393 621 2486 quofidem
639 2415 716 2462 csse
731 2392 924 2486 repereris.
977 2391 1033 2460 Sic
1051 2393 1152 2459 etiam
1171 2414 1249 2459 cum
1262 2414 1349 2483 par-

235 2495 344 2563 ticulis
369 2497 534 2566 finalibus.
585 2497 675 2565 Nam
702 2503 761 2570 ἵνα
789 2495 975 2590 γίγνηται,
1009 2501 1068 2566 ἴνα
1093 2496 1241 2591 γένηται
1262 2518 1349 2588 pto-

235 2600 310 2694 prie
326 2600 532 2691 significant,
559 2600 698 2693 utfieri
706 2651 716 2688 ,
742 2599 939 2692 olfactum
955 2620 1034 2666 ease
1049 2598 1266 2690 reperiatur.

341 2701 521 2795 Optativus
551 2712 663 2770 autem
690 2712 810 2771 natura
833 2725 892 2769 sua
920 2701 1092 2792 praeditus
1121 2710 1172 2768 est
1199 2700 1347 2790 quadam

235 2807 422 2898 praesentis
456 2795 634 2874 notatione.
688 2805 805 2890 Quum
835 2806 922 2873 enim
948 2805 1188 2896 cogitationem
1211 2804 1346 2872 alicuius

235 2907 376 2994 indicet,
411 2910 649 2998 cuiuscumque
671 2910 833 3000 temporis
856 2908 1023 3001 optativus
1046 2907 1101 2992 sit,
1126 2916 1347 2999 „praesentem

235 3012 375 3103 intelligi
390 3014 541 3103 postulat
557 3013 796 3106 cogitationem
819 3035 860 3079 eo
874 3021 1039 3103 tempore,
1065 3011 1100 3077 in
1118 3011 1210 3099 quod
1231 3011 1348 3078 incidit

235 3116 303 3204 illa,
329 3138 432 3206 quam
454 3116 590 3205 indicat,
618 3116 786 3208 cogitatio.
838 3114 890 3183 lta
910 3125 1066 3206 tempore
1087 3115 1167 3182 facti
1187 3113 1348 3182 differunt

235 3219 398 3312 γένοιτο,
425 3219 607 3312 γίγνοιτο,
644 3212 854 3314 γενήσοιτο,
883 3217 944 3286 sed
973 3218 1133 3309 cogitatio
1157 3215 1264 3305 haec,
1290 3218 1347 3285 fa-

236 3330 328 3388 ctum
346 3321 428 3409 quid
451 3343 543 3406 esse,
569 3321 624 3388 vel
643 3321 737 3406 fieri,
764 3320 817 3387 vel
833 3320 984 3387 futurum
1007 3343 1096 3406 esse,
1123 3343 1165 3387 ea
1185 3343 1346 3411 praesens

235 3422 431 3513 intelligitur
451 3446 493 3490 eo
514 3433 687 3515 tempore,
714 3421 758 3489 de
780 3445 849 3511 quo
870 3423 1027 3512 loqueris.
1081 3424 1127 3490 Vt
1151 3423 1179 3490 si
1200 3422 1244 3491 de
1262 3446 1347 3492 con-

235 3525 309 3593 silio
330 3527 515 3616 cuiuspiam
538 3528 694 3616 loquare,
720 3535 814 3594 recte
832 3526 941 3609 dices,
968 3523 1062 3606 ὅπως
1083 3528 1248 3618 γένοιτο,
1276 3527 1347 3596 sive

211 3669 215 3677 ·
235 3626 399 3726 ἐποίησεν
413 3624 540 3715 addas,
566 3631 635 3698 sive
651 3633 772 3718 ποιεῖ,
800 3628 869 3697 sive
883 3623 1036 3724 ποιήσει.

338 3732 445 3819 Hinc,
479 3741 518 3801 ut
542 3733 577 3800 id
598 3732 707 3800 obiter
735 3731 906 3817 adiiciam,
939 3741 1094 3822 apertum
1114 3741 1181 3818 est’,
1215 3752 1293 3816 cur,
1319 3729 1348 3797 si

234 3843 368 3926 tempus
384 3836 467 3904 illud
484 3837 636 3928 respiciS,
663 3855 732 3924 quo
748 3835 861 3903 adhuc
884 3838 1012 3903 futurus
1034 3844 1085 3903 est
1108 3829 1247 3903 eventus
1263 3856 1347 3900 con·
1383 3852 1388 3870 ·

235 3937 316 4024 silii,
344 3935 437 4018 ὅπως
451 3941 597 4037 γένηται
614 3938 759 4008 dicatur:
784 3938 876 4008 unde
897 3941 940 4023 si,
967 3938 1061 4028 quod
1073 3940 1275 4028 plerumque
1294 3938 1346 4024 fit,

234 4048 368 4132 tempus
385 4041 467 4108 illud
483 4043 518 4110 in
535 4048 648 4111 mente
663 4041 789 4128 habes,
814 4066 882 4132 quo
902 4044 975 4134 ipse
990 4042 1156 4131 loqueris,
1182 4049 1275 4109 recte
1292 4039 1347 4107 di-

236 4167 292 4212 ces
314 4149 414 4215 ποιεῐ
446 4154 479 4213 et
504 4140 670 4241 ποιήσει,
705 4141 799 4226 ὅπως
828 4148 989 4242 γένηται,
1025 4146 1190 4241 ἐποίησεν
1220 4153 1346 4228 autem,
1387 4209 1395 4223 ,

236 4242 330 4326 ὅπως
354 4247 523 4343 γένηται,
557 4271 625 4316 non
643 4249 756 4335 aliter,
786 4249 850 4317 uisi
873 4250 900 4316 si
922 4248 1072 4316 nondum
1099 4247 1261 4317 eflectum
1285 4255 1346 4331 est,

236 4350 329 4441 quod
337 4351 410 4443 quis
424 4352 561 4422 volebat
571 4351 670 4426 effici.
697 4353 764 4422 Vbi
776 4362 887 4422 autem
900 4352 1133 4421 tantummodo
1147 4360 1296 4420 mentem
1312 4358 1348 4419 et
1409 4402 1413 4409 .
