2842 4920
403 365 697 432 lncssssuluunvrn
717 367 833 428 LIBER
855 367 1009 430 PRIMVS.
1194 372 1259 437 851
1302 405 1311 422 ·

151 560 276 651 quibus
304 556 423 627 iniuria
450 556 661 626 contradicas
684 555 976 649 reprehendam,
1010 558 1110 628 facile
1137 561 1259 629 oblivi-

152 671 310 743 scuntu13
336 661 522 728 irascuntur
540 663 705 753 graviter,
732 663 761 729 si
776 662 859 730 iure.
912 660 1048 729 Accidit
1065 674 1258 754 opportuno

153 789 251 852 casu,
277 775 316 833 ut
335 787 378 832 ex
398 764 465 832 illo
479 765 636 856 exemplo
657 763 933 849 Meletematum,
965 764 1059 855 qnod
1079 768 1112 834 in
1138 767 1258 859 dispu-

152 872 314 939 tationem
328 867 521 954 attuleram,
546 866 698 960 reposito
716 870 751 937 in
765 869 910 954 scriniis,
937 869 1095 959 quoniam
1117 871 1184 938 alio
1205 872 1259 938 cui

152 973 305 1063 Dionysii
325 972 412 1039 liber
432 971 606 1040 adiunctus
630 980 680 1039 est
694 981 789 1057 utor,
815 995 882 1040 non
903 972 1096 1043 exciderent
1109 972 1257 1042 schedu-

152 1078 223 1167 lae,
249 1074 424 1165 inquibus
446 1076 593 1143 breviter
613 1098 655 1143 ea
675 1075 934 1164 adnotaveram,
962 1076 1007 1144 de
1022 1077 1143 1165 quibus
1158 1077 1258 1145 dice-

153 1203 226 1248 rem
254 1180 313 1248 illo
337 1177 404 1246 die.
462 1177 515 1246 lta
538 1178 667 1248 lactum
690 1189 759 1265 est,
791 1190 829 1248 ut
851 1203 939 1248 nnnc
964 1202 1102 1270 quoque
1124 1179 1259 1261 afferre,

154 1306 241 1373 quae
261 1290 332 1349 tum
349 1281 474 1372 partim
499 1281 566 1350 dixi
588 1282 712 1374 partim
731 1275 972 1369 diceremini,
998 1284 1136 1374 possim.
1189 1282 1262 1354 Sed

154 1409 259 1476 quum
277 1385 451 1452 dimidiam
467 1384 539 1453 lere
552 1395 686 1479 partem
702 1408 836 1472 eorum,
863 1408 950 1476 quae
972 1386 1261 1478 consignaveram,

154 1499 224 1557 turn
253 1487 471 1580 protulerim,
512 1488 556 1557 de
576 1489 797 1578 quibusdam,
826 1510 895 1556 non
924 1489 968 1556 de
995 1490 1148 1557 omnibus
1172 1514 1260 1559 nnnc

155 1591 367 1662 commemini
388 1593 583 1660 venerintne
603 1595 637 1660 in
659 1593 936 1684 disceptationem
958 1616 1002 1660 an
1023 1614 1101 1660 non.
1160 1593 1260 1678 Quo-

155 1698 245 1764 circa
276 1718 364 1763 nnnc
387 1695 499 1763 omnia
522 1719 718 1764 enumerare
740 1697 837 1784 volo,
864 1705 919 1779 ut,
945 1695 1004 1785 qui
1026 1694 1112 1779 haec
1134 1695 1311 1787 legantl2

154 1801 220 1892 ipsi
232 1799 382 1866 iudicare
393 1799 543 1889 possint,
569 1822 649 1868 num
662 1800 698 1868 in
711 1801 832 1884 rebus,
859 1821 942 1889 quas
957 1799 1012 1866 vel
1026 1799 1194 1867 attulerim
1207 1800 1263 1868 vel
1329 1807 1333 1819 '

155 1903 318 1971 voluerim
332 1900 473 1986 afferre,
501 1903 687 1992 quidquam
700 1904 754 1989 sit,
782 1926 850 1992 qno
870 1903 1028 1971 arrosisse
1044 1902 1262 1971 Meletemata

155 2005 288 2092 videar,
315 2005 376 2072 nisi
393 2005 421 2072 si
440 2004 600 2073 arrodere
620 2015 671 2074 est
688 2005 801 2073 dicere
823 2007 944 2095 quibus
963 2006 1113 2073 in-rebus
1131 2004 1261 2074 dissen-

154 2109 235 2196 tias,
262 2115 298 2176 et
318 2107 456 2197 quidem
478 2117 616 2201 rogatus
634 2119 736 2198 atque
752 2109 796 2176 ad
816 2108 851 2177 id
866 2110 977 2201 ipsum
994 2109 1158 2176 invitatus.

256 2211 446 2288 Diviseram
468 2234 605 2281 omnem
627 2211 886 2306 disputationem
908 2213 942 2279 in
961 2213 1025 2281 tria
1041 2211 1171 2304 capita,
1197 2211 1263 2279 alia

157 2313 361 2382 contendens
382 2337 451 2381 non
466 2326 577 2405 recte,
605 2317 669 2384 alia
682 2338 752 2384 non
769 2325 945 2399 accurate,
972 2316 1038 2383 alia
1051 2324 1187 2409 praeter
1201 2340 1263 2384 ne·
1293 2328 1296 2333 '
1360 2406 1364 2417 1

156 2419 346 2487 cessitatem
373 2416 463 2485 dicta
486 2418 542 2486 vel
572 2427 725 2486 correcta
751 2442 834 2491 esse.
895 2418 968 2488 Sed
1000 2420 1160 2508 qnoniam
1193 2440 1263 2485 non

156 2522 304 2610 omnium
320 2528 370 2588 est
384 2520 509 2588 mentio
525 2520 633 2610 lacta,
659 2543 723 2588 nec
739 2521 870 2610 singula
886 2543 974 2610 quae
989 2542 1032 2586 ex
1045 2543 1183 2610 qnoque
1198 2536 1264 2612 ge-

155 2646 238 2693 nere
258 2623 426 2691 attulerim
447 2623 601 2711 memini,
629 2645 717 2691 nnnc
744 2624 855 2690 omnia
871 2621 1085 2715 promiscue,
1117 2623 1259 2714 pagina-

155 2749 231 2795 rum
252 2727 405 2795 ordinem
428 2749 588 2817 sequens,
616 2748 793 2818 exponam.
845 2728 886 2794 ln
906 2725 1026 2816 quibus
1048 2738 1119 2816 quo'
1135 2725 1264 2794 leviora

155 2839 233 2898 sunt
246 2830 367 2915 multa,
394 2851 436 2897 eo
450 2831 615 2899 minorem
635 2852 702 2924 ego
718 2829 856 2921 quidem
870 2829 1067 2899 criminandi
1088 2829 1264 2920 materiam

89 2928 91 2934 ’
156 2933 257 3002 luisse
276 2933 487 3002 crediderim.

259 3088 286 3156 Ι.
318 3087 359 3155 Ρ.
376 3086 411 3155 l.
437 3085 572 3156 Initium
588 3085 656 3154 feci
671 3084 887 3153 defendenda
908 3084 1075 3176 scriptura
1087 3072 1263 3180 Ἀλικάρ-

157 3184 290 3270 νασσᾶς
312 3198 347 3258 et
374 3191 546 3279 similium,
580 3211 682 3278 quam
711 3189 932 3278 antiquiorem
961 3189 1066 3257 altera
1094 3197 1262 3280 putarem,

157 3292 302 3362 afferens
318 3317 376 3381 ea,
402 3317 490 3383 quae
506 3293 704 3362 memoravit
718 3292 911 3361 Erfurdtins
924 3293 960 3360 in
976 3293 1107 3360 minore
1124 3291 1178 3360 ed.
1194 3291 1263 3360 so-

157 3395 290 3488 phoclis
305 3396 349 3464 ad
370 3398 561 3490 Antigonae
583 3419 615 3467 v.
633 3394 744 3463 113⁰.

259 3548 303 3616 Il.
355 3550 394 3618 P.
419 3548 453 3618 2.
506 3548 686 3640 Dionysius
710 3549 745 3616 in
766 3547 933 3640 principio
953 3547 1043 3615 Artis
1072 3545 1262 3615 rhetoricae

158 3651 206 3719 sic
230 3652 361 3721 scribit:
396 3646 593 3748 πανήγνρις
616 3648 755 3747 εὕρημα
781 3651 849 3742 μὲν
871 3648 930 3721 ναὶ
954 3648 1071 3740 δῶρον
1091 3648 1189 3722 θεῶν
1214 3652 1263 3730 εἰς
1378 3728 1380 3734 k

159 3744 377 3828 ἀνάπαυλαν
398 3755 473 3828 ταῖν
504 3755 587 3851 περὶ
611 3747 677 3826 τᾶν
700 3753 784 3847 βίον
804 3745 978 3842 μειζόνων
1005 3753 1262 3846 παραδεδομέ-

143 3881 217 3953 yn,
242 3853 286 3937 ὥς
300 3884 371 3930 που
388 3850 582 3953 illicitur
599 3855 714 3951 φησίν.
766 3855 834 3923 Vbi
849 3877 953 3944 quum
966 3852 1171 3926 Schaelerus
1186 3876 1263 3922 cor·
1317 3870 1320 3874 ⁴

158 3966 297 4049 ruptum
316 3952 491 4053 μειζόνων
511 3960 696 4052 suspicatus
718 3967 805 4026 esset
822 3955 1020 4025 mutandum
1043 3980 1116 4025 esse
1137 3958 1172 4023 in
1191 3984 1263 4050 με-

159 4055 339 4148 λεδώνων,
377 4062 560 4132 rectissime
589 4061 811 4153 Sylbnrgium
837 4059 1002 4128 iudicasse
1023 4059 1263 4149 existimabam,

159 4163 218 4253 qui
235 4162 339 4257 ipsius
355 4165 504 4234 Platonis
525 4165 667 4234 verbum
688 4157 809 4237 πόνων
829 4161 951 4255 reponi
964 4162 1141 4250 voluisset,
1166 4162 1263 4231 vide-

158 4266 326 4358 baturque
350 4268 433 4336 milri
453 4268 538 4336 illud
559 4275 644 4360 μειζ
661 4288 703 4335 ex
724 4289 908 4361 perperam
928 4265 1018 4335 lecta
1030 4264 1263 4359 praecedentis

158 4370 254 4440 verbi
267 4369 351 4465 βίον
367 4371 533 4465 scriptura
549 4394 623 4440 esse
638 4378 759 4443 ortum.
