2842 4920
156 387 199 447 oo
491 379 552 441 DE
586 375 861 440 Ptnulcvuu
882 372 930 441 clv

158 594 200 641 ex
216 573 308 640 nulla
326 569 516 639 conditione
537 593 742 662 suspensam.
793 569 914 637 Attulit
935 567 1101 639 Matthiae
1123 562 1159 666 §.
1182 566 1272 645 568.

158 684 226 744 ιιοι.
245 676 278 744 l.
331 674 513 768 Sophoclis
524 673 616 743 hoc
606 695 641 742 m
656 672 744 744 Oed.
758 675 802 741 R.
818 668 905 742 255.

261 823 346 902 odd
373 831 407 900 εἰ
430 821 499 924 γοίρ
527 823 571 924 ἦν
597 821 644 899 ιδ
668 826 820 948 ιιροίγμοι
846 853 899 922 μη
925 821 1132 922 θεήλατον,

261 924 477 1028 ἀκάθαρτον
498 927 590 1023 ὑμᾶς
616 923 708 1010 εἰιιός
734 926 777 1028 ἦν
804 926 916 1010 οὕτως
943 929 1027 1019 ε’·οίν,
1067 994 1070 998 ,

159 1094 193 1153 ct
212 1082 446 1174 Xenophontis
462 1082 569 1155 Mem
587 1083 624 1156 S.
640 1083 683 1151 Π.
705 1081 741 1169 i,
756 1081 817 1152 16.
847 1085 878 1155 εί
894 1077 1271 1180 μὲνιοίνιινοιιόχρόν

158 1215 197 1261 ιι
219 1188 369 1281 ἔμελλον
386 1184 636 1281 ἑργοίοοιοθοιι,
663 1180 830 1259 θοίναιον
856 1181 940 1258 ἄνι’
964 1182 1082 1258 αὐτοῦ
1102 1189 1271 1280 αἱρετέον

158 1285 211 1385 ἦν.
263 1290 451 1380 Vtrumque
468 1300 570 1357 recte
587 1289 724 1357 dictum.
775 1290 865 1356 Nam
889 1297 923 1356 ct
936 1311 1005 1356 nou
1030 1290 1164 1380 expiare
1189 1314 1270 1359 cae-

158 1392 256 1480 dem,
284 1402 318 1461 et
346 1403 446 1485 turpe
471 1393 553 1482 quid
573 1393 688 1461 facere
707 1393 848 1485 impium
865 1401 955 1481 erat,
980 1415 1182 1484 semperque
1197 1395 1269 1461 im-

157 1496 253 1589 pium
277 1505 336 1564 est.
388 1497 507 1587 Itaque
521 1505 648 1564 tantum
670 1497 782 1582 abest,
808 1505 846 1564 ut
864 1495 951 1562 haec
977 1497 1142 1563 anomalia
1160 1519 1269 1588 quae-

158 1599 239 1677 dam
260 1600 319 1688 sit,
344 1600 634 1691 quemadmodum
652 1598 839 1667 Schaefero
860 1599 1082 1668 videbaturin
1095 1599 1268 1669 Meletem.

155 1726 192 1796 p.
217 1698 278 1770 55.
303 1711 340 1771 ιιι
367 1705 583 1773 certissimam
605 1704 719 1795 legem
748 1701 874 1770 habeat
901 1703 1086 1795 particulae
1116 1705 1268 1775 omissio:

157 1808 249 1875 cuius
280 1807 366 1898 legis
396 1808 561 1874 rationem
586 1827 652 1872 non
678 1814 896 1896 perspectam
921 1829 994 1874 csse
1020 1830 1040 1872 a
1070 1805 1268 1894 Schaefem,

157 1909 332 1977 manifesto
348 1909 462 2000 prodit
482 1908 653 1975 adnotatio
675 1903 736 1974 85.
759 1931 797 1997 p.
811 1905 897 1977 129.
951 1911 1073 1999 Neque
1094 1912 1181 1978 enim
1202 1911 1288 2004 ipsi*

157 2013 263 2081 verbo
286 2012 354 2079 hoc
375 2011 591 2079 tribuendum
613 2018 681 2098 cst,
708 2010 802 2100 quod
824 2012 988 2101 particula
1012 2036 1127 2080 carere
1144 2023 1268 2105 potest,

157 2114 218 2182 sed
233 2123 348 2207 potest
368 2115 404 2182 id
429 2124 502 2181 tum
522 2113 659 2181 demum
681 2114 772 2196 fieri,
800 2136 903 2202 quum
924 2115 979 2182 vel
1002 2115 1167 2182 verbum
1157 2141 1270 2208 ipsum

40 2226 47 2249 ⁸
155 2239 225 2284 non
250 2225 380 2284 tantum
402 2217 560 2285 auxiliare
584 2225 650 2304 est,
676 2216 737 2283 sed
757 2215 849 2283 idem
873 2217 966 2305 quod
986 2217 1066 2314 ἐξῆν
1089 2219 1269 2344 significat,

156 2328 194 2388 ut
194 2321 315 2442 -apud
334 2318 598 2390 Demosthenem
624 2343 659 2412 p
681 2316 776 2410 656,
811 2316 847 2387 6.
875 2323 911 2390 εἰ
928 2313 999 2415 γοίρ
1018 2320 1183 2416 μηδίν’
1153 2325 1269 2410 είχειε

155 2423 230 2501 noio
253 2421 369 2496 ἄλλων
392 2421 635 2516 λογίσασθαι,
661 2418 750 2520 μηδ’
774 2449 819 2518 etp
864 2420 965 2545 ιῖριιιίι
989 2420 1110 2503 αὐτῶν
1135 2423 1269 2498 οἷοίτε

156 2522 221 2616 ἦτε
249 2527 369 2599 satra
396 2532 576 2612 συνεῖναι,
611 2521 667 2649 ἦν
683 2528 771 2598 tosto
785 2518 1030 2649 ιιαροίδειγμα
1052 2521 1269 2647 Ὀλυνθίορς

155 2629 346 2708 ιουιοοσί,
377 2635 416 2701 οἳ
434 2628 472 2702 ιί
493 2621 729 2727 πεποιηκότος
746 2624 871 2708 αὐτοῖς
896 2627 1080 2699 Φιλίιιιιοο
1104 2628 1177 2708 ιιιιίς
1201 2627 1267 2702 ου’-

153 2759 204 2824 ιρι
192 2731 433 2828 admocum
458 2732 513 2799 vel
526 2732 586 2799 ubi
607 2731 809 2799 adiectivum
824 2730 957 2799 accedit
973 2731 1146 2815 eiusmodi,
1174 2733 1267 2822 quod

71 2901 74 2908 ,
153 2803 282 2924 aliquid
304 2857 368 2925 per
391 2858 427 2903 se
445 2857 563 2903 verum
581 2835 765 2926 significat,
792 2843 830 2901 ut
849 2856 918 2901 non
936 2833 1042 2924 possit
1065 2837 1267 2905 contrarium

155 2939 350 3028 oppositum
374 2939 533 3029 cogitari,
567 2938 669 3006 veluti
693 2938 728 3004 in
754 2935 822 3005 hoc
846 2936 1026 3027 Sophoclis
1046 2938 1080 3005 in
1102 2936 1191 3008 Ocd.
1221 2943 1264 3009 R.

156 3039 267 3110 1368.
294 3040 389 3131 quod
406 3040 611 3110 Schaeferus
631 3039 748 3110 affert:

256 3193 427 3291 κρείσσων
450 3187 519 3288 γοίρ
546 3189 645 3290 ἦσθα
671 3189 800 3291 μηκέτ’
827 3192 896 3282 οἶν,
924 3191 948 3288 ἤ
974 3191 1041 3277 ζοίν
1066 3188 1215 3289 τυφλός,

140 3346 246 3437 4ριιοιι
261 3346 353 3413 idem
377 3354 427 3413 est
442 3353 543 3434 atque
561 3349 728 3438 ιιρείιιον
746 3339 812 3442 ἦν,
838 3371 889 3440 μη
881 3337 970 3443 ζῆν
988 3371 1048 3436 σε,
1064 3346 1099 3443 ἢ
1124 3342 1265 3444 ινφλον

154 3447 265 3534 εἶναι,
292 3457 325 3516 et
338 3448 465 3516 ibidem
480 3443 591 3515 1375.

255 3595 336 3673 du
366 3627 387 3696 η
416 3600 548 3674 ιείινοιν
576 3593 659 3697 δῆι
686 3596 771 3695 ὄψις
795 3594 840 3697 ἦν
866 3598 1048 3698 ἐφίμερος.

151 3757 275 3844 Neque
288 3754 377 3822 enim
396 3759 453 3821 aut
467 3749 511 3826 οιί
524 3758 691 3849 ιιρεῖιιον
709 3748 781 3849 ἤν,“
799 3762 857 3821 aut
871 3748 935 3827 οὐκ
952 3749 996 3850 ἦν
1011 3752 1182 3851 ἐφίμερος
1196 3776 1262 3847 op-

151 3859 232 3951 poni
258 3866 389 3950 potest,
416 3856 477 3924 sed
502 3857 660 3948 opposita
680 3857 890 3949 cogitantur,
917 3866 959 3926 at
978 3880 1111 3927 caecus
1137 3881 1195 3929 es:
1223 3867 1265 3927 οι

94 4051 97 4057 ¹
154 3983 263 4030 cures
281 3961 460 4054 adspectu
482 3958 689 4029 liberorum.
743 3960 861 4049 ltaque
883 3963 983 4029 ctiam
1006 3962 1116 4030 Latini
1137 3964 1173 4029 in
1195 3961 1264 4029 hoc

152 4086 279 4157 genere
303 4087 371 4132 non
395 4064 621 4152 coniunctim,
645 4063 706 4131 sed
725 4063 905 4131 indicativo
930 4073 1083 4143 utuntur,
1116 4063 1263 4154 licebat,

154 4165 368 4262 oportebat,
402 4188 557 4258 aequum
586 4175 688 4252 erat,
729 4175 763 4234 et
784 4190 1018 4258 quaecumque
1039 4177 1114 4236 suut
1142 4167 1263 4236 huius-

152 4271 247 4340 modi
264 4272 327 4339 alia
345 4269 504 4344 dicentes.
547 4270 602 4338 Ex
615 4292 684 4360 quo
704 4278 866 4363 apparet,
891 4294 1002 4361 neque
1017 4273 1050 4338 iu
1066 4272 1128 4340 illis
1147 4295 1263 4340 exem-

151 4377 237 4469 plis,
263 4397 352 4468 quae
374 4373 579 4444 Schacferus
598 4393 634 4466 p.
656 4371 742 4445 129.
763 4372 880 4462 affert,
908 4375 1014 4442 omitti
1034 4377 1185 4468 potuisse
1206 4372 1262 4460 ἄν,
