2842 4920
496 376 590 440 ΗΒ.
612 378 637 441 Ι·.
679 377 774 440 CAP.
800 381 831 444 o.
1181 379 1224 442 19

111 569 286 663 impletam
301 569 386 637 fore.
438 567 539 638 Esset
549 568 585 637 id
602 569 737 638 omniuo
756 569 820 655 ita,
847 569 874 637 si
888 569 921 636 in
934 568 1002 636 hoc
1016 592 1159 661 genere,
1185 578 1224 639 nt
1296 637 1299 645 ,

112 673 292 760 ἰη“ε1ῐεεο,
322 681 450 740 certum
471 673 599 741 factum
620 675 858 765 respiceretur!
904 673 1008 761 Atqui
1030 674 1067 740 id
1086 696 1150 741 nec
1173 674 1222 756 fit,

111 800 175 846 nec
189 777 263 846 fieri
279 784 407 869 potest:
427 776 572 866 alioquin
584 778 619 844 in
633 777 724 845 omni
741 786 833 845 certo
850 776 941 844 facto
956 775 1149 844 addendum
1166 799 1222 844 es-

69 944 71 948 ,
112 889 164 948 set
192 878 238 951 ἄν
249 933 263 967 ,
305 881 385 968 quia
409 878 491 946 nihil
522 903 665 970 usquam
692 881 748 966 fit,
786 879 848 948 nisi
870 902 986 969 caussa
1006 881 1048 947 sit
1069 902 1129 946 cur
1152 880 1220 946 fiat.

113 984 348 1068 Quamobrem
361 982 438 1050 iniis
445 991 574 1051 tantum
583 982 680 1051 factis
692 983 750 1050 illa
757 982 918 1073 loquendi
931 983 1016 1048 ratio
1031 990 1221 1074 usurpatur,

112 1109 202 1176 quac
217 1107 284 1154 uon
301 1108 404 1153 unum
419 1095 548 1155 certum
561 1087 699 1174 factum,
720 1085 780 1155 scd
795 1087 894 1176 plura
906 1086 1043 1170 incerta,
1069 1095 1107 1153 ut
1120 1084 1222 1174 quid-

112 1213 180 1279 que
207 1190 296 1256 forte
315 1189 461 1273 facturn,
487 1184 576 1258 forte
601 1191 703 1258 etiam
718 1212 786 1283 upn
801 1180 1015 1273 factumest,
1042 1190 1221 1258 continent,

111 1293 151 1360 ln
173 1293 226 1361 his
248 1291 352 1384 igitur
374 1293 522 1360 conditio
544 1316 608 1361 nec
627 1294 774 1385 tempori
795 1301 888 1361 certo
910 1314 973 1359 uec
994 1293 1044 1359 rei
1066 1291 1223 1358 adstricta

113 1405 179 1466 est:
206 1417 286 1462 nam
304 1397 338 1463 in
357 1396 430 1462 solo
447 1418 527 1464 casu
547 1406 716 1481 versatur,
744 1397 835 1464 cuius
855 1404 973 1463 natura
987 1395 1021 1461 in
1037 1417 1078 1463 eo
1094 1403 1144 1462 cst
1155 1416 1222 1485 po-

112 1500 174 1568 sita
196 1508 235 1566 ut
261 1522 378 1566 caussa
400 1499 479 1567 facti
500 1500 621 1587 lateat,
647 1500 774 1567 facturn
801 1499 1041 1589 autemips'um
1061 1498 1223 1588 impletae

111 1605 248 1694 ignotae
264 1601 462 1670 conditionis
478 1602 716 1669 documentum
730 1602 780 1686 sit,
806 1602 1001 1688 factumque
1017 1623 1107 1687 esse,
1135 1601 1162 1666 si
1183 1601 1224 1667 sit
1262 1616 1264 1620 ·

111 1707 251 1789 facturn,
277 1706 490 1797 intelligatur.
530 1705 648 1795 ltaque
664 1704 758 1793 quod
771 1727 873 1796 supra
891 1703 1074 1793 posuimus,
1102 1703 1224 1793 ἔλεγον

113 1806 181 1898 ἄν,
209 1802 324 1882 ὁπότε
344 1835 400 1888 τις
418 1801 575 1905 ἐρωτῴη,
601 1808 684 1876 nihil
700 1816 750 1875 est
769 1807 869 1894 aliud,
897 1828 1009 1895 quam,
1036 1798 1149 1877 ὁκότε
1168 1830 1224 1884 τις

113 1905 421 2010 ε’ρωτῴηέλεγοκ,
455 1913 490 1983 εἰ
510 1912 632 2004 ἔλεγον
640 1966 654 2000 ,
688 1911 744 1979 vel
767 1910 910 2002 ἔλεγον,
945 1900 1068 1986 ὁσάκις
1090 1908 1223 1998 ἔλεγον.

114 2015 220 2100 Quod
240 2016 268 2084 si
286 2014 433 2082 conditio
453 2014 499 2082 ita
514 2023 565 2082 est
585 2037 661 2082 cum
682 2014 758 2105 ipso
774 2012 867 2079 facto
890 2010 1082 2098 coniuncta,
1107 2018 1145 2076 ut
1158 2010 1224 2076 im-

111 2120 240 2212 pletam
256 2142 329 2187 esse
344 2141 412 2185 non
425 2119 487 2185 nisi
501 2140 542 2185 ex
558 2118 649 2185 facto
663 2117 739 2208 ipso
754 2123 988 2207 cognoscatur,
1016 2135 1224 2201 consequens
1277 2142 1280 2146 ·

113 2232 182 2308 est,
209 2244 426 2312 quocumque
448 2223 656 2311 intempore
681 2221 809 2287 factum
827 2218 910 2287 illud
934 2217 1096 2301 colloces,
1124 2215 1225 2282 etiam

114 2326 340 2394 conditionem
360 2347 439 2394 curn
457 2346 499 2392 eo
513 2325 725 2392 coniunctam
740 2323 826 2391 fore.
881 2320 996 2404 Quare
1009 2321 1043 2386 in
1060 2319 1130 2386 lroc
1147 2320 1224 2407 qui-

113 2430 192 2497 dem
216 2450 343 2522 genere
366 2428 448 2496 nihil
469 2436 537 2512 est,
563 2427 656 2517 quod
671 2426 869 2518 prohibeat,
890 2424 978 2512 quin
1002 2431 1036 2490 et
1056 2424 1142 2511 λέγω
1166 2418 1224 2509 ἄν,

114 2542 147 2601 et
161 2535 245 2613 λέξω
269 2529 315 2602 ἄν
330 2540 423 2600 recte
445 2520 512 2599 dici
524 2531 761 2599 existimentur.
813 2528 861 2596 Vt
874 2525 968 2616 quod
984 2524 1078 2615 apud
1091 2523 1223 2592 Aristo·
1270 2549 1272 2553 ⁴
1398 2540 1403 2559 ¹

112 2636 262 2727 phanem
276 2643 343 2722 est,

278 2786 339 2860 καὶ
356 2792 436 2868 ταῖς
450 2782 620 2884 ἀδελφαῖς
636 2778 819 2882 ἀγοράσαι
831 2774 1003 2874 χιτώνιον
1043 2827 1045 2831 -
1091 2847 1094 2851 ,

280 2892 459 2973 ἐκέλευσεν
473 2888 541 2980 ἄν,

17 3097 20 3101 -
115 3044 196 3134 quid
214 3043 351 3112 tandem
377 3066 514 3111 caussae
533 3064 606 3111 esse
624 3041 791 3123 dicamus,
818 3059 895 3120 cur,
921 3035 949 3101 si
972 3033 1092 3101 eadem
1116 3055 1170 3100 res
1187 3039 1224 3099 nt

116 3171 202 3237 quae
225 3170 315 3214 nunc
337 3148 414 3234 fiat,
440 3147 495 3214 vel
518 3147 598 3228 olim
616 3145 726 3211 futura
749 3142 808 3224 sit,
834 3145 1005 3225 narretur,
1032 3156 1099 3201 non
1118 3135 1224 3224 possit

115 3252 183 3319 dici
200 3244 335 3322 κελεύει
352 3248 413 3327 ἄν,
441 3250 497 3317 vel
513 3242 671 3322 κελεύσει
689 3241 763 3318 o'r'v?
788 3244 896 3311 lmmo
910 3240 965 3308 vel
984 3261 1026 3306 er
1042 3259 1084 3306 eo
1099 3237 1134 3303 id
1150 3237 1224 3303 col-⁵¹

114 3355 218 3446 ligas,
244 3353 338 3442 quod
354 3354 388 3420 iu
403 3352 471 3420 hoc
487 3375 614 3444 genere
629 3349 847 3442 praeteritum
861 3354 995 3434 tempus
1018 3364 1086 3422 non
1100 3348 1224 3432 potest,

114 3468 150 3526 ut
172 3459 206 3524 in
226 3457 351 3540 altero,
378 3456 473 3546 quod
497 3465 548 3524 est
562 3454 760 3522 conditionis
781 3473 849 3518 uon
864 3449 1040 3539 impletae,
1067 3454 1168 3532 atque
1189 3445 1223 3511 in

115 3584 151 3629 re
166 3582 235 3628 non
253 3559 344 3627 facta
358 3570 519 3645 uersatur,
536 3559 580 3626 ad
598 3557 786 3650 praesentia
801 3561 835 3619 et
848 3552 961 3619 futura
975 3548 1137 3631 adhiberi,
1162 3546 1224 3614 sed

114 3664 212 3731 unice
231 3664 416 3729 continetur
431 3663 465 3729 iu
483 3661 678 3753 praeteritis.
704 3660 767 3726 His
783 3655 865 3724 nihil
880 3652 970 3722 aliud
983 3673 1069 3719 nunc
1086 3648 1223 3739 quidem

115 3768 254 3834 efficere
280 3767 379 3851 volo,
413 3788 515 3854 quam
537 3775 575 3833 ut
598 3787 665 3832 non
694 3760 812 3830 rationi
834 3778 1026 3849 repugnare
1048 3751 1223 3821 ostendam

113 3869 300 3962 particulae
330 3867 376 3940 ἄν
399 3869 433 3935 in
462 3869 603 3960 impleta
630 3866 819 3934 conditione
842 3858 1121 3928 consociationem
1145 3877 1223 3923 curn

113 3973 299 4064 praesentis
316 3972 498 4061 ,fusaeque
521 3972 716 4039 indicativo:
753 3989 795 4035 ex
821 3987 889 4055 quo
914 3962 1145 4050 consequitur,
1179 3981 1223 4025 nc

113 4077 306 4167 perfectum
330 4074 469 4164 quidem
501 4073 748 4144 excludendum
781 4092 863 4137 esse.
915 4065 992 4135 Alia
1016 4087 1069 4131 res
1095 4071 1161 4145 est,
1195 4061 1223 4128 si

114 4203 214 4247 usum
236 4187 440 4270 spectamus.
493 4177 606 4246 Multa
628 4177 731 4264 enim,
763 4171 914 4263 quamvis
944 4177 1037 4235 recte
1060 4165 1221 4248 dicantur,
1337 4226 1342 4234 .

114 4304 183 4349 non
199 4291 275 4351 sunt
285 4292 400 4351 tamen
413 4283 551 4351 usitataz
575 4289 692 4349 contra
707 4288 783 4348 sunt
796 4276 905 4359 etiam,
921 4294 1008 4363 quae
1025 4292 1102 4337 usus
1116 4289 1223 4358 prava

114 4387 292 4479 receperit
322 4470 325 4475 Ι
343 4388 391 4458 Et
404 4387 546 4477 poterit,
572 4386 599 4454 si
614 4385 688 4474 quis
709 4388 813 4476 negat
826 4399 890 4445 usu
914 4372 1130 4464 comprobari
1146 4369 1227 4443 illas.

181 4512 190 4519 ’
373 4506 377 4515 “
933 4495 965 4562 Β
992 4490 1016 4557 2
