2842 4920
480 367 952 435 DlSSEliTATIO.
1204 381 1269 445 m

160 555 377 657 simillimum.
429 555 485 624 Eo
504 558 608 649 igitur
628 558 776 651 primum
798 561 944 630 referam
966 565 1050 632 illud
1072 566 1164 659 apnd
1186 567 1294 649 Sto-'A
1417 626 1420 641 .

159 659 316 750 phanum
332 660 420 749 Byz.
437 661 471 728 in
489 683 519 727 v.
534 659 681 754 Ἆβιοιτ
700 660 881 755 Αἰσχύλος
895 667 933 738 δέ·
947 668 1104 761 Γαβίους
1120 665 1184 742 oea*
1197 671 1267 743 τού

158 792 182 855 γ
206 767 245 836 ῖν
260 765 423 857 λυομένῳ
439 768 654 860 Προμηθεῖ·

212 918 339 991 ἔπειτα
360 912 396 986 δ’
411 913 484 1011 ἤξιι
502 914 619 1013 δῆμον
633 911 874 991 ἑνδικοίτατον

214 1016 392 1112 [βροτῶν]
421 1011 591 1090 ἁπάντων
608 1017 667 1091 καί
680 1016 990 1112 φιλοξενώτατον,

212 1120 388 1212 Γαβίους,
416 1116 468 1190 ἵν’
484 1117 568 1192 οὔτ’
584 1120 746 1218 ἄροτρον
761 1123 845 1196 οὔτε
861 1119 1022 1218 γατόμος
1042 1114 1046 1119 .

213 1225 337 1314 τέμνει
352 1217 482 1295 δίκελλ’
498 1221 682 1318 ἄρουραν,
704 1222 784 1297 αλλ’
801 1221 1029 1325 αύτόυποροι

211 1319 297 1416 γύαι
312 1325 463 1422 φέρουσι
480 1325 610 1417 βίοτον
624 1325 795 1420 ἄφθονον
807 1336 965 1423 βροτοῖς.

158 1481 202 1551 V.
224 1479 257 1553 l.
281 1467 352 1548 reri
376 1479 481 1548 simile
503 1488 553 1546 est
566 1488 705 1571 poetam
721 1477 812 1577 ἥξεις
833 1483 1023 1574 scripsisse,
1050 1484 1145 1573 quod
1158 1507 1263 1574 quum
1298 1508 1301 1515 ·

157 1584 330 1671 Stanleio,
361 1592 433 1650 tum
458 1582 529 1650 aliis
551 1583 731 1673 probatum
756 1593 815 1656 est.
869 1580 1138 1659 Ἐνδικοίτατον
1159 1610 1263 1679 prae-

156 1688 305 1755 buerunt
319 1685 424 1754 MSS.
442 1707 508 1779 pro
531 1685 670 1776 vulgato
690 1679 983 1775 ducenariam,
1011 1699 1045 1757 et
1064 1701 1263 1780 reposuerat

156 1791 343 1875 Stanleius,
370 1788 428 1878 qni
453 1789 552 1856 etiam
576 1799 710 1857 caetera
732 1788 946 1877 emendavit,
979 1792 1062 1878 nisi,
1090 1802 1125 1858 ut
1148 1817 1262 1886 saepe,

156 1894 272 1961 alienis
298 1916 375 1960 usus
405 1899 471 1959 est:
498 1893 675 1983 legebatur
700 1892 838 1986 δικέλλῃ
860 1902 894 1960 et
913 1893 947 1960 in
969 1893 1076 1966 MSS.
1099 1897 1262 1992 δικέλλης,

155 2007 229 2064 tum
252 1997 354 2087 γέαι,
388 1994 484 2084 qnod
506 1995 647 2062 Florens
678 1994 886 2064 Christianus
909 1996 943 2062 in
969 2003 1071 2089 γαῖαι
1092 1999 1261 2066 mutabat:

155 2100 295 2168 Stanleii
309 2093 394 2190 γύαι
414 2099 655 2166 confirmarunt
670 2098 769 2165 codd.
822 2099 861 2166 ln
876 2094 1027 2167 secundo
1044 2123 1143 2168 versu
1159 2095 1261 2171 Stan-

155 2203 240 2271 leius
262 2200 424 2299 θνητοῖν,
451 2201 644 2269 Holstenins
659 2197 821 2297 ἀνδροῖν,
848 2201 1088 2277 Valckenarius
1104 2202 1148 2270 ad
1163 2205 1262 2274 Ado·
1364 2290 1367 2297 η

153 2307 240 2374 niaz.
260 2328 297 2396 p.
323 2303 408 2371 217.
436 2305 595 2376 Σκυθυῖν
619 2303 813 2372 addendum
836 2307 1021 2396 putabant:
1047 2307 1104 2374 hic
1123 2308 1262 2396 quidem

153 2428 329 2477 moresuo
342 2405 436 2497 quod
455 2407 526 2474 aliis
550 2430 645 2475 secus
663 2407 833 2474 videretur
845 2410 1006 2498 probans.
1059 2410 1261 2501 Aeschylus,

154 2511 278 2598 credo,
304 2512 493 2579 Homerum
511 2511 608 2598 sequi
620 2510 755 2597 maluit,
783 2510 875 2577 cuins
889 2521 1005 2578 notum
1020 2522 1108 2579 esset
1124 2512 1226 2599 illud,

206 2657 499 2759 Γλακτοφοίγων,
526 2657 664 2756 Ἀβίων
686 2690 748 2751 τε,
776 2657 1017 2735 δικαιοτάτων
1042 2657 1259 2758 οίνθροίπων.

153 2818 319 2889 Additum
340 2818 506 2886 Abiorum
526 2816 653 2884 nomini
675 2843 697 2907 γ
720 2816 892 2907 digamma
907 2841 980 2886 esse
1000 2826 1159 2910 putarunt
1175 2818 1259 2885 Val-

154 2922 348 3005 clrenarius,
375 2920 530 3011 Toupius
544 2919 588 2986 ad
606 2918 700 2986 Suid.
715 2920 759 2988 T.
771 2920 831 2991 111.
846 2943 881 3010 p.
897 2919 982 2988 493.
996 2931 1031 2989 et
1044 2944 1164 2992 censor
1175 2922 1259 2989 Val-

154 3025 303 3093 chenarii
320 3025 353 3091 in
371 3024 452 3091 bibl.
470 3022 589 3114 philol.
605 3020 819 3112 Gottingensi
828 3024 894 3094 vol
903 3023 962 3089 lll.
978 3046 1013 3114 p.
1032 3022 1118 3089 160.
1145 3023 1265 3113 Schof

78 3184 81 3189 .
153 3130 265 3197 liastes
279 3128 428 3195 Venetus
445 3126 489 3192 ad
504 3125 598 3192 lliad
621 3151 652 3196 ν.
668 3120 701 3191 6.
729 3116 883 3204 τούτους
896 3118 1078 3213 Αἰσχύλος
1098 3124 1258 3215 Γαβίους

156 3230 274 3326 φησίν.
328 3229 523 3297 Eustathius
543 3251 580 3318 p.
604 3224 691 3313 916,
719 3225 778 3293 24.
802 3225 905 3316 (881,
928 3225 963 3296 8.
989 3227 1041 3294 ed.
1068 3227 1163 3316 Bas.)
1185 3229 1259 3300 Αἰ·
1310 3226 1314 3245 '

154 3327 281 3422 οχύλος
304 3333 341 3405 δέ
360 3332 470 3426 φασίν
487 3323 620 3409 αύτούς
636 3328 794 3410 Γαυίους
810 3331 904 3421 λέγει
917 3379 931 3407 ,
956 3331 1014 3397 ubi
1032 3330 1258 3398 Hemsterhu-

153 3437 268 3503 sinsin
281 3435 434 3527 margine
448 3434 618 3501 adnotavit
636 3431 794 3524 Γαβίους
811 3434 1024 3501 scribendum
1040 3457 1123 3503 esse.
1176 3433 1257 3502 Me-

152 3539 287 3606 minisse
310 3538 408 3606 huius
430 3538 550 3629 populi
572 3536 671 3602 etiam
698 3535 851 3604 Curtium
870 3537 944 3605 Vll.
967 3535 1002 3621 6,
1025 3535 1086 3610 ll..
1115 3538 1160 3604 ad
1178 3538 1256 3604 Ste-

151 3642 303 3731 phanum
313 3640 673 3730 indicavitBerglerus.
701 3638 862 3729 Aeschyli
877 3662 992 3708 versus
1005 3639 1114 3731 tetigit
1124 3639 1257 3706 Husch-

151 3744 225 3812 kius
240 3746 273 3811 in
288 3745 441 3813 Analect.
458 3744 528 3813 crit.
540 3766 575 3832 p.
591 3739 652 3809 78.

229 3847 389 3937 Sequitur
401 3847 494 3936 qnod
505 3845 548 3913 de
563 3844 648 3911 lstro
665 3844 790 3912 dictum
805 3843 918 3910 retulit
932 3842 1129 3911 scholiastes
1142 3843 1254 3934 Apol-

151 3950 231 4017 lonii
243 3950 371 4018 Rhodii
385 3949 430 4016 ad
445 3950 504 4020 lv.
525 3946 611 4019 284.
628 3940 851 4034 τδνἼοτρον
866 3944 971 4042 φησίν
986 3950 1023 4017 ἐκ
1037 3946 1111 4016 τοῖν
1125 3942 1173 4018 ‘Y
1168 3974 1255 4040 περ·

150 4054 289 4147 βορέων
304 4054 580 4145 καταφέρεσθαι
599 4048 659 4121 καί
681 4049 753 4120 τοῖν
768 4046 947 4120 Ῥιπαίων
968 4043 1072 4142 ὀροῖν.
1097 4045 1192 4120 οὕτω
1206 4050 1305 4128 ’δὲ22

151 4151 250 4227 εἶπεν
268 4147 654 4244 α’κολουθοῖνΑἰοχύλῳ
671 4157 709 4224 έν
723 4147 885 4243 λυομένῳ
902 4155 1103 4246 Προμηθεῖ
1111 4153 1254 4243 λέγοντι
1298 4162 1299 4165 ’

149 4257 275 4329 τούτο.
328 4258 448 4325 Paullo
473 4257 559 4323 haec
583 4256 680 4323 aliter
703 4254 827 4345 scripta
853 4253 892 4334 in¹
908 4252 985 4326 cod.
1005 4254 1108 4320 Paris.
1127 4254 1162 4319 in
1183 4275 1253 4340 quo
1344 4326 1346 4330 ¹

151 4363 188 4431 έν
205 4365 407 4456 Προμηθεῖ
420 4361 489 4428 sine
504 4358 713 4451 cognomine.
770 4356 989 4446 Comparanti
1006 4356 1254 4447 Hippocratem

200 4480 322 4548 Hnnn.
351 4477 416 4546 01³.
442 4479 500 4546 IV.
1019 4473 1045 4542 S
