2842 4920
121 440 126 449 ,
223 380 288 443 819
361 372 511 435 sumunt
526 370 678 431 APERTA
698 368 851 429 oseam
868 368 929 430 ΔΡ.
951 367 1197 429 ΑΕὸΟΗΥλΝΜ.

227 562 540 659 reprehendendus,
556 559 651 651 quod
664 560 810 653 ἔταφον,
827 558 961 654 ἔταφον
978 558 1194 628 scribendum
1206 563 1333 630 censuit

227 671 273 739 ad
290 668 436 761 Hippoi.
460 664 570 737 1247.
623 663 695 733 Sed
718 662 841 729 chorus
860 664 887 730 si
907 662 995 731 haec
1020 661 1118 750 dicit,
1144 687 1251 753 quum
1268 689 1334 758 per

228 796 264 842 se
287 770 472 840 absurdum
495 777 564 854 est,
590 768 647 858 qui
670 774 810 855 quaerat
833 765 892 833 ubi
915 767 980 834 sint
1001 766 1065 854 ilii,
1090 767 1203 857 ipsum
1218 768 1333 838 dicere

229 876 379 969 sepultos
401 897 492 959 esse,
518 881 590 939 tum
606 870 757 962 arguitur
776 869 859 937 dicti
878 870 1080 962 perversitas
1097 871 1155 956 iis,
1181 894 1270 961 quae
1287 873 1333 940 ad

225 980 312 1049 haec
325 978 455 1047 Xerxes
469 973 669 1068 respondet:

380 1128 513 1224 βεβᾶσι
539 1123 609 1225 reio
636 1125 764 1223 τοίπερ
791 1122 942 1222 α’γρέται
969 1131 1141 1225 στρατοῦ.

228 1286 393 1355 Nimirum
425 1281 482 1350 diu
509 1304 579 1351 non
605 1280 775 1349 intellecta
803 1280 938 1347 fuerunt
969 1291 1120 1351 caetera:
1151 1306 1240 1374 quae
1268 1307 1331 1354 nos

228 1411 335 1480 quum
348 1387 471 1456 multos
489 1394 566 1453 ante
583 1407 686 1452 annos
700 1384 744 1450 ab
760 1381 940 1452 Herodoto
960 1386 1072 1453 iucem
1086 1388 1242 1481 accipere
1258 1389 1332 1455 anim

110 1568 113 1573 ,
228 1492 541 1577 madvertissemus,
569 1489 628 1579 qni
648 1487 723 1555 Vll.
739 1485 801 1553 41.
828 1488 874 1555 ita
897 1488 1076 1558 scriberet.
1103 1484 1249 1587 ἐξήλασε
1264 1492 1333 1582 μὲν

229 1590 274 1693 όη
297 1592 393 1667 οὕτω
416 1597 453 1666 ἔτ
476 1592 650 1687 Σαρδέων
675 1591 825 1713 Ξέρξης
861 1590 1138 1685 μετεκβαίνεσκε
1162 1592 1268 1677 δέ,”
1245 1621 1333 1675 onoc

228 1724 294 1791 μιν
310 1690 414 1789 λόγος
435 1696 600 1788 αιρέοι,’
582 1722 619 1768 ιν
633 1692 702 1765 τοῦ
719 1689 928 1816 αρματοςές
942 1691 1183 1790 ἁρμάμαξαν·
1206 1696 1266 1787 (ea
1282 1707 1333 1766 est

229 1824 330 1892 quam
352 1796 542 1889 Aeschylus
572 1823 698 1923 osuven
729 1788 975 1892 τροχηλάτοος
1002 1798 1105 1889 dicit)
1146 1796 1265 1874 αὐτοῦ
1295 1801 1333 1874 δὲ

228 1903 385 1977 ὄπισθεν
417 1894 642 1996 αἰχμοφόροι
669 1901 839 2021 Πορσιόιν
864 1904 901 1971 οἱ
927 1898 1076 1994 ἄριστοι
1100 1931 1143 1975 το
1165 1904 1226 1976 καὶ
1246 1931 1333 1996 μιν·

228 1999 443 2088 ναιότατοι,
470 2003 597 2092 χίλιοι,
624 2030 718 2075 κατα
736 1993 852 2095 νόμον
870 2030 936 2084 τας
952 1996 1121 2098 λόγχας
1099 2031 1259 2097 εχοντος·
1282 2016 1333 2075 est

227 2110 264 2177 id
278 2107 416 2199 quidem
431 2129 541 2198 nuper
557 2108 657 2175 etiam
673 2106 717 2173 ab
738 2104 808 2173 aliis
826 2107 1052 2183 observatum
1104 2110 1159 2177 Ex
1179 2132 1247 2199 qua
1267 2111 1332 2179 ob-

229 2211 417 2279 servatione
439 2210 522 2299 qnid
544 2217 657 2301 potest
679 2209 811 2299 planius
834 2232 926 2299 esse,
952 2234 1055 2301 quam
1076 2214 1160 2304 quid
1180 2214 1222 2282 sit
1236 2214 1332 2305 iliud,

229 2336 298 2405 quo
316 2313 468 2381 restituto
487 2320 522 2381 et
533 2311 720 2381 rectissime
734 2309 841 2379 oratio
862 2321 897 2380 et
911 2315 1081 2406 aptissime
1096 2316 1281 2409 procedat:

384 2467 543 2560 ἔταφον,
570 2466 729 2559 ἔταφον·
766 2459 830 2537 orie
857 2461 954 2590 αμφὶ
980 2474 1122 2566 σκηναῖς

380 2562 684 2667 τροχηλατοισιν,
713 2563 1055 2663 ὄπιθονὲπόμενοι·

226 2747 362 2810 meror,
382 2724 519 2794 miror:
543 2746 615 2792 νιοο
631 2730 716 2791 suot
733 2721 837 2790 οἱνοο
856 2725 1051 2793 tentorium
1068 2729 1214 2819 curule,
1234 2752 1335 2822 pone

227 2836 425 2922 sequentes.
467 2827 559 2895 Tum
572 2848 661 2893 ιοιιιι
671 2824 863 2918 perierunt
882 2827 993 2915 enim,
1016 2831 1077 2922 qui
1091 2833 1205 2902 duces
1223 2843 1335 2904 eraut

227 2932 420 3004 exereitus.
473 2930 546 3000 Sed
557 2930 667 2999 nullus
683 2928 850 2997 editorum
868 2930 960 2999 vidit

660 3140 870 3152 *-

736 3288 794 3358 lv.

328 3442 367 3510 ln
385 3440 642 3531 Agamemnone
655 3462 686 3507 v.
704 3437 791 3511 699.
815 3441 902 3511 haec
918 3444 1091 3537 leguntur·

432 3585 772 3719 μιταμανθόνοοσα
802 3592 876 3669 δ’
854 3625 968 3689 ομνον

434 3688 611 3817 Πριαμοο
636 3690 739 3778 πόλις
764 3694 895 3794 μιραιοῖ

432 3790 663 3921 πολύθρηνον
687 3802 781 3894 μέγα
807 3829 878 3875 που
901 3803 1019 3877 στένει

431 3893 668 3995 κικλήσνοοσα
697 3897 821 4000 Παριν

430 4002 497 4075 τόν
523 3998 773 4127 αἰνόλεκτρον,

432 4099 661 4225 παμαρόοθη
686 4103 921 4208 πολύθρηνον
948 4109 1040 4182 αἰό-

431 4233 452 4279 ν
458 4202 590 4302 αμφὶ
615 4209 769 4285 πολίταν

430 4311 633 4400 μέλιον
587 4340 654 4405 αιμ
661 4310 888 4388 ἀνατλαοα
