2842 4920
539 339 623 399 LlB.
646 337 698 401 IV.
740 336 835 401 GAP.
863 345 892 405 2

699 633 742 700 11.

446 785 512 855 De
533 784 588 860 ἅν
611 808 706 855 cam
728 783 976 880 infinitivo.

260 937 444 1006 infinitivus
467 941 578 1007 forma
596 950 646 1014 est
668 939 824 1008 orationis
844 941 1019 1029 obliquae,
1046 946 1083 1009 ut
1106 941 1163 1030 qui
1179 965 1270 1010 sem-

160 1065 221 1134 per
236 1042 386 1132 pendeat
408 1065 450 1110 ex
475 1044 588 1132 aliquo
608 1045 674 1119 afio
692 1045 814 1130 verbo,
840 1043 909 1110 sive
930 1042 1014 1110 iilud
1038 1043 1190 1112 additum
1210 1057 1270 1136 est,

160 1148 227 1214 sive
249 1154 362 1213 mente
383 1147 573 1238 suppletur.
625 1147 679 1215 Ex
698 1169 767 1236 quo
784 1147 1015 1236 consequitur,
1040 1147 1100 1215 ubi
1123 1149 1157 1214 in
1177 1159 1271 1218 recta

159 1250 308 1317 oratione
324 1248 370 1320 οἷν
386 1272 463 1316 cum
486 1251 578 1318 verbi
598 1251 723 1338 modis,
746 1251 803 1340 qui
822 1259 936 1318 rectae
956 1250 1113 1324 orationis
1129 1261 1221 1341 sunt,
1247 1255 1268 1322 i.

159 1376 187 1424 e.
202 1375 282 1420 cum
300 1352 481 1420 indicativo
501 1362 536 1420 et
555 1355 707 1443 optativo
729 1355 944 1438 construitur,
974 1376 1016 1420 ea
1036 1354 1187 1422 oratione
1205 1379 1270 1448 per

157 1455 352 1523 infinitivum
375 1456 603 1545 inobliquam
623 1479 740 1543 versa,
775 1458 876 1525 etiam
897 1456 1059 1524 infinitivo
1079 1457 1179 1525 adiici
1202 1457 1269 1550 ἄν,·

157 1559 213 1627 ubi
238 1567 352 1626 autem
374 1559 571 1627 indicativus
594 1569 628 1627 et
646 1559 815 1651 optativus
837 1582 907 1627 non
932 1559 1108 1627 admittunt
1131 1557 1195 1645 ἄν,
1221 1561 1270 1630 ibi

156 1685 198 1730 ne
217 1662 379 1730 infinitivo
404 1662 543 1751 quidem
567 1663 647 1731 addi
675 1686 788 1754 posse.
839 1663 937 1730 Haec
959 1685 1013 1729 res
1036 1662 1083 1728 ita
1109 1663 1213 1754 plana
1234 1673 1269 1732 et

156 1774 274 1857 aperta
290 1773 359 1851 est,
385 1775 423 1833 ut
441 1788 485 1832 ne
500 1787 589 1857 opus
610 1766 749 1856 quidenr
765 1765 806 1832 sit
818 1766 931 1832 omnia
944 1764 1107 1855 exemplis
1126 1766 1267 1857 scripto-

154 1891 230 1937 rum
245 1869 400 1955 firmare,
425 1870 625 1959 praesertim
650 1893 753 1959 quurn
776 1869 923 1936 attulerit
939 1869 1006 1934 ianr
1024 1871 1265 1959 grammaticus

155 1973 187 2039 in
207 1970 361 2039 Bekkeri
379 1971 511 2044 Anecd.
534 1995 570 2064 p.
592 1971 677 2040 121.
729 1971 802 2040 Sed
821 1972 871 2039 rei
897 1970 1122 2040 declarandae
1145 1988 1266 2041 caussa

153 2073 222 2142 hoc
234 2096 411 2168 ponemus.
467 2073 605 2160 Quod’
587 2074 738 2172 εποίησοι
755 2072 801 2145 ἄν
817 2074 1011 2167 simpliciter
1025 2073 1195 2143 affirmans
1211 2075 1265 2142 di-

155 2199 272 2265 ceres,
305 2201 371 2271 per
389 2179 585 2246 infinitivum
610 2188 660 2246 est
682 2204 773 2274 φημι
799 2175 845 2249 aiv
870 2176 1032 2275 ποιῆσαι
1085 2178 1143 2247 Sic
1169 2178 1266 2268 quod
1376 2222 1381 2230 ,

153 2278 301 2355 ἐποίουν
315 2279 373 2370 ἄν,
392 2281 487 2380 φημι
501 2280 547 2354 οἲν
562 2287 702 2372 noreio,
728 2279 858 2372 quod
840 2276 1067 2369 επεποιῆκειν
1086 2310 1151 2370 αν,
1171 2281 1266 2379 φημὶ

153 2383 200 2458 ὢν
219 2385 463 2482 πεποιηκέναι.
516 2385 603 2453 ltem
625 2384 719 2474 quod
743 2383 896 2474 optativo
918 2383 1047 2451 diceres
1068 2378 1266 2481 ποιήσαιμ’

153 2484 218 2577 ἄν,
246 2495 297 2555 est
312 2488 464 2584 ποιῆσαι
489 2486 535 2559 ἄν
559 2483 685 2580 οἶμαι,·
711 2485 805 2611 quod
827 2481 973 2577 πσιοῐμ
996 2483 1060 2574 ἄν,
1086 2485 1264 2560 anactoria

154 2587 283 2683 οἶμαι,·
318 2589 413 2680 quod
444 2584 682 2684 πεποιήκοιμ
709 2587 775 2674 ἄν,
814 2588 1048 2707 πεποιηκέναι
1075 2587 1121 2660 οἷν
1147 2584 1264 2680 οἶμαι.

151 2692 206 2760 Ex
220 2693 274 2761 his
296 2703 456 2786 apparet,
482 2695 541 2761 ubi
560 2694 702 2762 verbum
724 2693 855 2760 finitum
877 2691 1057 2758 cariturum
1080 2700 1167 2759 esset
1182 2714 1266 2784 par-
1372 2702 1377 2709 “

151 2796 277 2882 ticula,
305 2797 432 2866 debere
455 2821 531 2866 eam
553 2799 653 2865 etiam
676 2797 712 2864 in
738 2795 891 2864 infinitivi
912 2793 1110 2863 suffectione
1134 2795 1265 2868 abesse.

150 2900 348 2993 Xenophon
367 2900 474 2970 Mem.
492 2901 529 2973 S
547 2901 573 2967 Ι.
592 2900 627 2987 3,
644 2898 678 2970 3.
706 2897 792 2971 οὔτε
806 2925 876 2994 χαρ
896 2903 973 2977 τοῖς
991 2899 1135 2978 θεοῖς
1113 2926 1183 2995 εφη
1202 2926 1263 2971 κα·

151 3004 252 3084 iaie*
231 3030 336 3094 εχειν,
364 3007 396 3076 εἱ
410 3010 489 3084 ταῖς
498 2997 672 3096 μεγάλαις
685 3000 831 3120 θησίαις
841 2998 1020 3091 μᾶλλον
997 3006 1107 3094 quoia
1120 3006 1264 3095 μικραῖς

139 3106 317 3202 Ιἔχαιρον·
345 3100 514 3186 πολλάκις
529 3131 598 3228 χορ
616 3132 661 3176 αν
681 3094 872 3182 crisciaco
886 3094 989 3196 παροῖ
1008 3128 1082 3172 των
1096 3103 1263 3230 πονηρῶν

150 3208 343 3301 μᾶλλον
320 3237 415 3304 ητα
432 3202 544 3303 παροῖ
567 3208 641 3280 τοῖν
670 3203 833 3303 χρηστῶν
870 3199 965 3275 εἶναι
1003 3205 1262 3325 κεχαρισμένα·

152 3308 237 3384 οὔτ
258 3340 304 3383 αν
333 3304 641 3408 τσῖςοένθροῖποις
670 3309 772 3392 ἄξιον
798 3304 893 3382 εἶναι
922 3305 1004 3402 ζην,
1031 3308 1066 3379 εἰ
1088 3299 1137 3378 aci
1160 3333 1261 3402 παρα
1308 3370 1311 3375 ,

150 3440 224 3486 των
248 3415 415 3509 πονηρῶν
439 3409 627 3506 μᾶλλον
603 3441 647 3505 ην
671 3411 912 3507 κεχαρισμένα
938 3413 1015 3489 τοῖς
1043 3407 1190 3488 decer
1166 3437 1187 3504 η
1214 3438 1262 3481 τα

150 3510 252 3612 nepo?
275 3516 346 3588 rain
363 3544 537 3613 χρησιων
588 3516 647 3583 Bis
665 3514 722 3582 hic
745 3522 836 3582 recte
852 3514 1004 3580 iunctum
1023 3510 1114 3579 est
1090 3541 1135 3583 αν
1151 3513 1264 3580 infini-

150 3620 237 3701 tiv03
264 3629 356 3686 recte
378 3642 460 3688 vero
477 3619 576 3686 etiam
593 3618 751 3686 omissum
772 3618 807 3684 in
820 3616 988 3707 principio
1005 3614 1103 3682 huius
1118 3615 1238 3698 loci,
1229 3637 1263 3682 rn

150 3744 218 3812 quo
240 3732 391 3790 errarunt
410 3723 468 3812 qui
486 3720 569 3790 addi
589 3724 776 3790 voluerunt.
829 3720 951 3808 Neque
974 3718 1062 3785 enim
1084 3712 1166 3788 ἁλλ’
1189 3717 1264 3807 ἔχει

150 3825 263 3906 καλοῖς
277 3827 482 3917 opponitur,
509 3823 570 3893 sed
591 3821 671 3898 ἀλλ’
686 3821 729 3898 οὐ
750 3821 918 3916 χαίρουσι
937 3820 1078 3911 μᾶλλον
1099 3824 1177 3900 ταῖς
1189 3847 1261 3912 με-

150 3921 273 4018 ydiota
293 3928 451 4009 θυσίαις.
505 3929 558 3995 De
574 3928 727 3996 Elmsleii
747 3925 970 4010 dubitatione,
998 3946 1040 3989 an
1055 3922 1166 3990 verbis
1183 3946 1261 4014 pa-

152 4039 236 4101 tnre
256 4032 521 4123 significantibus
537 4032 632 4124 iungi
646 4043 791 4122 nequeat
806 4028 984 4095 infinitivus
1004 4027 1116 4095 aoristi
1131 4028 1201 4094 sine
1217 4025 1264 4098 ἄν

151 4135 322 4203 adfutura
338 4137 529 4226 pertinens,
557 4136 624 4202 dixi
639 4134 683 4202 ad
699 4135 752 4204 Ai.
771 4129 882 4199 1⁰61.
901 4132 1100 4221 ostendique
1113 4153 1182 4197 nou
1197 4131 1259 4197 mi*

150 4260 208 4305 nus
233 4249 327 4307 recte
341 4238 378 4306 id
394 4241 479 4326 fieri,
509 4261 612 4328 quam
632 4238 749 4327 quovis
767 4237 833 4303 alio
851 4257 929 4302 cunr
946 4236 1064 4318 verbo,
1091 4234 1170 4323 quia
1187 4256 1215 4300 e.
1234 4255 1264 4298 c.

150 4348 271 4415 πεσεῖν
290 4352 340 4412 est
357 4344 506 4424 cadere,
533 4348 656 4415 πεσεῖν
667 4339 712 4414 ἄν
728 4340 868 4412 cadere
878 4360 1001 4432 posse,
1027 4347 1065 4405 ut
1079 4335 1173 4429 apud
1190 4335 1266 4402 Hc-

990 4456 1071 4524 Mt
