2842 4920
164 380 228 446 1ae
520 375 577 438 DE
605 374 876 439 Pluulcvun
898 371 941 441 ίίν

162 567 231 635 sive
245 563 484 638 omittatur'oio.
535 566 657 658 Longe
670 588 753 636 vcro
770 567 853 635 alius
872 565 1006 658 generis
1026 574 1103 635 sunt
1118 567 1187 637 duo
1207 569 1275 639 loci

160 670 197 738 in
214 670 395 765 Sophoclis
414 666 505 739 Oed.
523 668 686 738 Coloneo.
738 669 790 738 lbi
805 694 837 740 v.
856 668 940 741 188.
958 668 1117 763 legitate

327 821 471 917 αἷμανῦν
488 816 532 896 συί
544 849 611 915 με,
637 828 723 911 παῖ,

327 923 378 998 ἵν’
394 925 442 998 α’ίν
465 921 627 1020 εὐσεβίας
644 923 893 1018 ἐπιβαίνοντες

324 1022 371 1101 τέ
390 1030 459 1121 μέν
479 1030 655 1120 εἴποιμεν,
676 1022 723 1101 τό
740 1024 777 1101 δ’
796 1022 1006 1121 ἀνοίσομεν
1012 1083 1026 1118 ,

367 1132 427 1203 ναί
441 1125 495 1227 μή
509 1130 613 1226 χρείᾳ
628 1129 853 1223 πολεμῶμεν.

159 1285 199 1352 In
217 1293 391 1377 postremo
409 1285 514 1352 verbo
537 1284 746 1354 consentiunt
762 1285 857 1369 libri,
883 1306 949 1376 pro
964 1281 1133 1376 prioribus
1156 1293 1271 1354 autem

160 1388 376 1456 coniunctivis
392 1396 426 1456 et
441 1387 590 1455 Triclinii
603 1387 771 1474 recensio,
798 1397 832 1455 et
851 1387 953 1480 pauci
968 1411 1011 1455 ex
1026 1388 1269 1478 antiquioribus

144 1491 261 1575 codd.
284 1492 454 1584 optativos
477 1490 662 1583 praebent,
689 1491 912 1583 probantibus
934 1491 1142 1559 Doederlino
1167 1501 1271 1582 atque

157 1594 331 1668 Elmsleio'.
367 1596 405 1664 Si
420 1603 513 1663 recte
528 1617 565 1663 se
579 1594 685 1663 habet
696 1592 756 1685 οἷν,
777 1594 965 1687 reponendi
981 1618 1060 1663 saue
1073 1603 1150 1664 sunt
1166 1605 1269 1686 opta-

158 1698 217 1765 tivi
244 1701 410 1792 εἴποιμεν
433 1706 467 1767 et
489 1691 730 1787 ἀκούσαιμεν,
764 1705 825 1770 ἵνα
850 1708 961 1766 autem
981 1699 1269 1791 interpretandum

158 1800 239 1869 ubi:
267 1803 339 1871 duc
362 1825 419 1870 me
438 1823 497 1886 co,
531 1799 592 1868 ubi
614 1800 720 1868 aliud
741 1801 864 1869 dicere
880 1801 961 1893 pie,
995 1803 1102 1871 aliud
1136 1803 1270 1873 audire

151 1905 347 1998 possimus.
390 1903 473 1983 ¹Sed
492 1903 538 1971 ita
560 1924 628 1970 non
652 1911 733 1995 apte
761 1904 982 1996 subiungctur
1008 1906 1066 1977 ιιαί
1091 1898 1144 1999 μή
1163 1905 1269 2002 χρείᾳ

156 2007 390 2101 πολεμῶμεν,
417 2006 510 2096 quod
525 2005 665 2073 deberet
683 2000 937 2101 πολεμήσομεν
952 2006 1028 2075 dici.
1079 2008 1137 2075 Ad
1149 2008 1185 2075 id
1199 2033 1268 2078 non

157 2109 299 2176 attendit
314 2110 341 2176 1.
362 2109 490 2176 Bakius
509 2130 613 2197 quum
634 2108 668 2174 in
690 2108 772 2180 bibl.
792 2109 863 2174 crit.
882 2131 971 2176 nova
987 2110 1052 2176 vol.
1067 2109 1094 2180 1.
1108 2133 1145 2200 p.
1163 2110 1223 2182 16.
1242 2137 1267 2181 s.

25 2218 28 2227 '
155 2210 238 2280 mihi
254 2209 299 2281 α’ίυ
316 2212 349 2277 ἰο
365 2206 434 2303 ἅμ’
453 2211 604 2297 mutanti,
628 2218 663 2277 ct
677 2210 783 2278 tuenti
796 2210 1022 2278 coniunctivos
1036 2234 1077 2278 ea
1091 2217 1267 2305 opposuit,

155 2336 262 2404 quae,
289 2315 316 2380 si
334 2313 372 2381 id
386 2312 484 2380 huius
503 2313 571 2381 loci
587 2322 693 2400 esset,
720 2312 819 2379 facile
836 2334 937 2402 quam
951 2336 1073 2404 parum
1087 2314 1186 2382 firma
1202 2319 1269 2386 sint

152 2438 306 2509 possem¹
324 2415 512 2487 ostendere.
565 2416 643 2486 Alia
660 2424 718 2487 est
741 2415 874 2484 alterius
903 2416 970 2484 loci
994 2418 1099 2508 ratio,
1133 2420 1192 2509 qui
1215 2430 1267 2490 est

152 2543 183 2591 v.
197 2518 283 2589 404.

255 2668 392 2747 τούτου
407 2667 514 2770 χιίριν
531 2671 656 2745 τοίνυν
674 2696 714 2743 σε
731 2671 957 2764 προςθέσθαι
972 2674 1080 2755 πέλας

258 2771 373 2873 χώρας
388 2777 561 2854 θέλουσι,
588 2769 677 2871 μηδ’
693 2770 742 2846 ἵν’
764 2772 810 2847 σ’ίν
822 2775 962 2848 σαυτοῦ
974 2776 1134 2873 κρατῇς,

153 2931 204 3000 lta
216 2929 292 2998 libri
308 2951 435 3002 omnes.
489 2926 711 2997 scholiastes:
736 2926 829 3022 μηδὲ
848 2926 913 3000 icio
928 2955 968 3001 σε
983 2926 1076 3001 ὅπου
1091 2929 1136 3003 oio
1155 2958 1262 3004 σεαυ-

69 3052 73 3059 “
153 3031 223 3107 τοῦ
254 3026 452 3123 ε’ξουσιιίση.
483 3030 599 3104 λείπει
628 3022 675 3103 τί
699 3030 763 3104 έαίν
784 3029 895 3126 ῥῆμα.
922 3026 1043 3128 ἢοῖπό
1069 3033 1195 3106 κοινοῦ
1215 3028 1263 3106 ro*

152 3137 394 3231 προςθέσθαι.
447 3135 486 3204 si
502 3135 730 3228 προσθέσθαι
747 3134 982 3223 repetendum,
1009 3136 1143 3203 omnino
1160 3138 1261 3205 scribi

116 3249 123 3264 '
153 3239 310 3327 debebit,
344 3238 438 3328 quod
459 3237 621 3305 Elmsleio
645 3235 784 3325 aliisque
810 3235 944 3326 placet,
981 3234 1032 3309 ἵν’
1053 3237 1099 3310 ἄν
1122 3241 1262 3312 σαυτοῦ

147 3346 306 3434 ’στρατοῖς
358 3342 448 3408 Nam
465 3339 694 3434 προσθέσθαι
712 3338 862 3406 futurum
883 3349 1018 3431 tempus
1039 3343 1196 3431 requirit,
1223 3352 1261 3410 ut

152 3448 286 3513 antibo
306 3437 492 3538 κρατήσεις
508 3440 689 3508 «licendum
710 3441 769 3528 sit,
795 3451 854 3509 aut
872 3448 932 3514 ἵνα
951 3449 1098 3539 ιιρατοΐς
1111 3442 1168 3517 σίν.
1222 3447 1259 3515 si

151 3568 233 3615 vero
262 3543 325 3617 έοίν
339 3555 389 3613 est
410 3543 681 3635 intelligendum,
707 3553 745 3611 ut
765 3566 868 3636 saepe
891 3545 996 3615 verba
1018 3549 1184 3616 contraria
1208 3548 1258 3636 iis,

150 3671 238 3739 quae
254 3658 331 3716 ante
348 3649 460 3741 posita
476 3655 586 3734 erant,
613 3647 765 3739 suppleri
786 3648 929 3738 debent,
955 3651 1000 3718 de
1021 3674 1089 3741 qua
1108 3675 1146 3719 re
1167 3675 1198 3719 v.
1221 3661 1259 3720 ut

152 3752 196 3821 de
208 3754 319 3821 multis
333 3775 438 3822 unum
452 3751 631 3837 nominem,
646 3751 899 3820 Erfurdtiumin
910 3754 1051 3822 erlmin.
1062 3753 1151 3823 0ed.
1160 3755 1204 3826 R.
1213 3757 1257 3824 ad

149 3875 182 3923 v.
205 3854 291 3923 242.
314 3866 406 3926 recte
425 3879 461 3925 se
478 3855 619 3923 habebit
639 3850 692 3927 ἵν’
718 3852 764 3927 oio
787 3856 937 3956 κρατῇς,
970 3859 1049 3948 quia
1069 3867 1141 3926 tum
1161 3859 1256 3927 locus

151 3967 201 4026 cst
218 3958 330 4028 futuro
344 3970 478 4030 exacto:
503 3981 576 4028 που
591 3967 712 4028 autem
727 3956 848 4030 sinere
860 3962 981 4034 vivere
997 3959 1124 4056 ριιίίιιιο
1145 3961 1184 4031 io
1199 3963 1256 4033 lo-

150 4061 203 4132 cis
220 4069 255 4131 te
269 4063 322 4132 tui
336 4062 428 4133 iuris
441 4086 522 4134 esse
534 4062 786 4134 intellexerint.
