2842 4920
164 377 227 440 lm
497 374 555 436 DE
586 374 862 438 Ptoulcvun
885 370 933 441 ίίν

162 566 274 656 prima
289 564 497 657 potissimum
510 589 655 658 persona
666 567 834 641 elucescit.
863 565 933 641 od.
948 594 985 639 π.
995 564 1083 641 383.
1109 565 1276 638 Antinous

163 669 372 738 Telemacho
390 669 522 738 insidias
540 669 714 739 struendas
731 693 891 758 censens,
918 672 963 739 ita
978 671 1143 762 loquiturz

214 831 307 911 οίλλυί
332 840 505 935 φθέωμεν
532 837 718 922 ἑλόντες’
699 836 760 914 εντ’
764 838 904 970 οίγροῠ
932 835 1043 935 νόσφι
1070 834 1220 969 πόληος,

213 939 301 1034 ἢέν
329 940 419 1037 ὁδῷ
445 939 637 1036 βίοτονιί
664 939 772 1017 αὐτοὶ
798 943 857 1016 καί
853 938 1043 1066 κνήμας
1070 944 1231 1070 ἔχωμεν,

215 1014 437 1136 δασσάμενοι
465 1074 558 1118 κατα
585 1052 721 1144 μοῖραν
748 1042 811 1142 ἐφ
828 1026 967 1165 ἧμίας
996 1041 1155 1118 οίκίαδ
1183 1041 1273 1119 αὖτε

133 1200 138 1207 .
213 1147 333 1220 κείνου
358 1151 492 1246 μητέρι
519 1151 692 1243 doinst*
671 1176 786 1240 σχειν,
814 1144 924 1244 q’o’“
901 1176 994 1229 οςτις
1020 1144 1154 1221 ὀπυίοι

162 1315 372 1386 Coniunctivi
395 1318 666 1388 adhortationem
690 1321 878 1388 continent:
913 1319 1023 1388 occidi
1048 1321 1136 1386 enim
1164 1319 1270 1388 Tele-

160 1420 330 1505 machum,
356 1443 509 1513 opesque
526 1425 596 1493 eius
611 1422 725 1509 dividi,
750 1423 788 1490 id
801 1433 852 1491 est
864 1422 959 1513 quod
971 1423 1074 1494 iubet.
1126 1422 1181 1490 De
1201 1424 1269 1491 Pe-

160 1524 285 1615 nelope
313 1547 395 1592 vero
416 1527 484 1593 iam
505 1550 573 1594 non
599 1526 767 1618 praecipit
785 1527 989 1616 quidquam,
1017 1526 1078 1593 sed
1097 1528 1270 1617 proponit,

78 1672 81 1679 ·
159 1626 241 1715 quid
258 1628 331 1695 fieri
343 1629 473 1720 cupiat:
501 1631 646 1699 domum
663 1631 779 1700 matri
792 1631 867 1699 eius
887 1630 979 1699 dori
992 1628 1107 1699 veiim.
1135 1628 1269 1702 lliado.

158 1724 331 1800 45.1u110
349 1732 417 1801 lovi
432 1732 477 1800 de
496 1735 657 1826 Neptuno
672 1734 767 1802 dicit:

209 1896 329 2027 αυνρίρ
344 1928 405 1977 τοι
419 1900 479 1974 καί
492 1900 595 1998 κείνῳ
613 1908 679 1996 ε’γω
672 1882 1035 2002 παραμυθησαίμην

210 2004 257 2100 τῇ
274 2005 374 2097 ίμεν,
400 2001 497 2102 ᾗκεν
518 1999 564 2101 δη
577 2032 636 2094 ov,
663 2004 934 2105 κελαινεφὲς,
911 1999 1137 2101 ηνεμσνενίῃς

166 2173 277 2241 Velim
296 2173 351 2242 ι’λίί
363 2175 535 2244 suadere.
587 2174 693 2259 Quod
706 2197 774 2242 non
790 2185 840 2242 est
854 2177 901 2242 ita
922 2175 1113 2242 dubitanter
1128 2174 1269 2259 dictum,

155 2283 194 2344 ut
206 2276 233 2342 si
247 2273 292 2345 ἄν
311 2284 399 2343 esset
413 2276 584 2360 additum,
612 2300 680 2367 qua
692 2279 857 2369 particula
872 2276 1020 2344 conditio
1033 2278 1145 2365 aliqua
1162 2280 1270 2370 signi-

156 2379 331 2469 ficaretur,
357 2387 394 2447 ut
410 2380 445 2447 in
460 2380 582 2450 eadem
601 2383 751 2450 oratione
766 2405 797 2447 v.
815 2379 875 2449 39.

208 2577 251 2647 oq
279 2546 325 2623 θ’
350 2545 430 2650 ἱερή
455 2545 614 2672 κεφαλή,
640 2550 701 2623 καί
727 2557 900 2672 νωίτερον
927 2551 1027 2640 λέχος
1056 2545 1178 2672 αυυρῖν

206 2651 404 2750 κουρίδιον,
431 2682 475 2727 νο
468 2648 564 2746 μὲν
591 2650 655 2726 οὐκ
678 2652 724 2776 σίν
750 2646 818 2747 ἐμω
847 2679 939 2727 ποτε
963 2673 1049 2746 μαψ
1073 2645 1226 2745 ὀμόσαι(
1227 2681 1267 2724 ιι

158 2821 241 2892 Nou
270 2825 442 2894 temere
428 2847 614 2912 aurarem,
649 2823 720 2894 uisi
742 2845 835 2892 vera
857 2822 1028 2893 decerem.
1080 2824 1120 2891 in
1149 2825 1267 2916 primis

150 2935 276 3100 ρίρρρρζι
293 2936 364 3099 3qst
398 2928 478 2997 huic
517 2929 699 3001 (discrimini
734 2927 931 2997 illustrando
971 2927 1054 2995 illud
1089 2927 1267 2997 'l'lreocriti

206 3185 272 3257 odo
288 3184 355 3276 μὲν
370 3181 455 3280 κη’πί
471 3179 520 3258 τοί
533 3179 667 3282 χρύσεα
681 3181 813 3277 μᾶλ”’
791 3213 907 3259 ενεκεν
926 3185 1034 3259 σέθεν

205 3287 333 3408 βαίην,
359 3315 420 3359 και
413 3281 597 3383 φύλακον
612 3282 745 3359 νεκύων
759 3281 852 3359 uado?
866 3291 1076 3412 Κέρρλερον·

206 3383 297 3461 τόκα
314 3385 349 3460 d
367 3385 452 3462 ουδε
469 3390 693 3469 καλοῦντος
675 3416 719 3463 επ
726 3385 908 3471 αυλεῖαις
923 3385 1055 3512 θύραις

205 3484 435 3586 προμόλοιμί
445 3519 504 3582 κε,
531 3518 761 3587 παυσαμενσς
776 3493 920 3583 χαλεσω
935 3488 1053 3566 addo.

29 3706 32 3711 .
152 3645 395 3736 Aeschinesp
418 3643 504 3713 611.
521 3641 624 3735 (552.
647 3641 684 3739 §,
705 3643 808 3736 218.)
791 3648 902 3739 )ἐγω
894 3638 969 3743 (λη’
992 3639 1161 3726 οὔτινας
1179 3610 1266 3743 Δη-Ι

152 3751 358 3841 μοσθίνους
387 3743 592 3870 ὃιατριβας
600 3743 775 3847 ἐζήλωκα,
803 3745 886 3821 οὔτ’
909 3746 967 3822 εἰιί
988 3754 1068 3828 ταῖς
1097 3748 1264 3840 ἐμαυτοῦ

154 3846 396 3940 αἰσχύνομαι,
424 3850 510 3925 οὔτε
522 3880 608 3932 τους
623 3853 829 3950 εἰρημένους
843 3856 882 3924 ἐν
897 3878 992 3972 opto.
997 3846 1159 3942 λόγους
1142 3879 1261 3944 εμαυ-

153 3953 207 4047 νηί
220 3949 399 4077 α’ῥρήτους
414 3952 507 4028 εἶναι
528 3954 742 4053 βουλοίμην,
771 3952 859 4028 οὔτε
878 3983 925 4028 να
946 3948 1043 4026 αὐτοί
1062 3947 1183 4048 νοείτω
1201 3956 1261 4051 δη-

151 4055 356 4154 μηγορήσας
370 4052 471 4140 ἔδοξ’
428 4068 543 4155 ξαμην
561 4056 606 4130 σίν
619 4057 690 4155 ζην.
743 4055 917 4126 Deesse
893 4084 938 4129 αν
955 4065 1054 4150 putat
1069 4057 1259 4125 Bekkerus

254 4161 368 4245 Quum
386 4183 636 4249 nonnumquam
651 4161 706 4229 vel
719 4169 864 4253 propter
882 4161 1044 4228 librorum
1061 4160 1261 4252 discrepan-

150 4263 248 4346 tiam,
274 4265 329 4331 vel
344 4273 487 4356 propter
508 4264 691 4332 sententiae
705 4266 868 4332 rationem
887 4263 1027 4331 dubium
1044 4263 1152 4333 videri
1174 4287 1260 4356 pos-

150 4369 207 4454 sit,
234 4376 346 4436 utrum
364 4368 472 4436 nudus
488 4369 671 4459 optativus,
699 4391 741 4436 an
756 4368 848 4436 idem
866 4367 988 4436 modus
1003 4391 1081 4436 oum
1094 4368 1260 4461 particula
