2842 4920
366 357 419 454 uu
436 353 621 420 urusvrr
640 354 860 433 vrrrstvu
880 352 928 422 ιι.
1136 362 1200 427 ιιι
1337 340 1340 345 ’

94 571 125 618 v.
142 546 230 619 743.
257 528 475 641 pessumque,
501 549 530 617 si
546 569 633 640 opus
655 553 753 636 esset,
778 548 890 618 multis
908 551 1071 646 exemplis
1085 560 1201 624 osteu-

94 655 188 728 dere.
240 652 288 721 Et
307 654 380 744 quis
405 675 474 722 nou
498 652 591 721 novit
614 650 716 719 illud:

685 779 782 885 α’τοῖρ
798 781 843 860 οὐ
855 785 925 881 μὲν
939 786 1086 885 σφῶϊν
1102 788 1167 868 ὀΐω

247 905 334 1009 πρίν
361 904 400 1005 μ’
422 901 727 998 ἀποπαύσεσθαι,
761 904 848 1004 πρίν
881 903 967 1007 γἠ“
1000 906 1126 1010 ἕτερόν
1158 942 1237 1010 μιν

674 1054 836 1102 πιοοντα

244 1154 402 1244 αἵματος
424 1141 657 1248 ἆσαιἎρηα.

91 1303 163 1375 Sed
191 1304 340 1373 animum
372 1312 486 1371 tamen
518 1303 662 1371 advertit
686 1302 771 1387 hoc,
804 1302 914 1394 quod,
948 1307 1098 1395 quamvis
1129 1332 1198 1380 nou

90 1431 232 1502 maguus
259 1409 301 1476 sit
325 1430 482 1476 uumerus
514 1408 663 1496 quinque
688 1407 743 1475 vel
772 1429 831 1476 sex
856 1411 1109 1500 exemplorum,
1143 1423 1198 1482 ta-

89 1535 185 1601 men,
213 1534 319 1602 quum
339 1512 425 1580 iuter
448 1532 487 1579 se
508 1511 673 1578 simillima
688 1511 769 1598 sint,
799 1512 833 1579 in
847 1513 999 1581 omnibus
1015 1524 1196 1605 peccatum
1306 1543 1308 1551 ·

89 1616 212 1685 eodem
226 1615 332 1684 modo
347 1623 408 1683 est
459 1612 515 1682 Ex
531 1635 601 1704 quo
623 1615 695 1683 veri
715 1614 822 1682 simile
843 1624 911 1699 est,
941 1638 1045 1704 quum
1057 1617 1097 1710 μὲ
1110 1620 1195 1689 illud

88 1721 214 1788 nullam
235 1719 279 1786 ab
302 1717 443 1808 antiquis
465 1717 556 1786 libris
581 1717 687 1786 fidem
705 1718 847 1801 habeut,
879 1719 981 1787 ulium
1007 1743 1081 1789 esse
1097 1745 1195 1791 com-

87 1845 224 1892 munem
243 1821 312 1891 istis
335 1822 418 1889 locis
439 1821 593 1890 omnibus
615 1821 745 1890 fontem
768 1822 900 1893 erroris.
957 1822 1005 1890 Et
1024 1824 1193 1917 profecto,

88 1924 225 2017 quando
246 1926 356 1994 nullus
378 1947 498 1993 eorum
518 1931 587 2011 est,
612 1923 648 1992 iu
664 1947 732 2015 quc
753 1947 822 1994 ιιοιι
841 1924 1010 2017 aptissime
1024 1949 1194 1997 assevera-

86 2030 131 2099 tic
146 2029 318 2120 quaedam
333 2026 493 2115 accedat,
519 2026 615 2118 quod
630 2028 664 2095 iu
682 2049 750 2095 unc
768 2030 917 2098 alterove
934 2051 1052 2097 eurum
1064 2031 1193 2101 Porsu-

86 2155 145 2202 nus
163 2140 266 2222 atque
291 2131 471 2201 Elmslcius
485 2130 815 2222 reponivcluerunt,
837 2127 970 2220 ου’τᾶν,
997 2155 1194 2205 accommo-

86 2235 202 2304 datum
225 2243 277 2304 est
297 2235 463 2303 omnibus.
521 2234 620 2302 Patet
641 2242 755 2302 autem
775 2257 845 2324 qua
865 2256 984 2307 caussa
1003 2237 1039 2305 in
1061 2234 1125 2312 οὐκ
1146 2236 1194 2314 ἄν

84 2348 249 2408 mutatum
267 2339 385 2407 fucrit:
410 2359 490 2406 nam
503 2359 608 2428 quum
625 2332 708 2409 οὔτ’
726 2335 772 2409 ἄν
786 2337 997 2420 scriberetur,
1022 2341 1127 2431 idque
1139 2343 1193 2410 vi-

85 2442 222 2512 deretur
247 2439 334 2515 orire
352 2439 400 2514 ἄν
421 2463 513 2526 esse,
538 2461 603 2507 nec
621 2447 735 2506 tamen
757 2436 956 2528 sequeretur
974 2441 1067 2520 uliud
1090 2440 1191 2534 οὔτε,

84 2554 249 2614 mutatum
270 2552 322 2612 est
333 2542 398 2632 sic,
423 2552 462 2612 ut
476 2564 591 2623 seusus
606 2540 778 2632 postulare
791 2541 984 2631 putubatur.
1036 2543 1085 2612 Et
1099 2546 1133 2613 iu
1148 2569 1191 2615 eo

84 2649 223 2740 quidem
237 2649 411 2738 exemplo,
438 2644 533 2737 quud
547 2666 590 2713 ex
602 2643 773 2735 Antigona
789 2644 927 2711 allatum
944 2652 1011 2734 est,
1031 2645 1092 2720 roi
1105 2671 1190 2739 par-

83 2753 201 2841 ticula,
226 2759 265 2821 ut
277 2753 498 2842 plerumque,
518 2744 732 2842 inpriucipio
748 2747 930 2816 sententiae
945 2756 1005 2817 est.
1057 2749 1193 2821 lucae·

82 2855 162 2925 teris
194 2852 301 2930 οὗτοι
326 2854 493 2948 epodosin
526 2850 664 2944 incipit,
698 2848 792 2941 quod
824 2850 983 2973 queniam
1014 2855 1116 2923 ratius
1141 2847 1198 2945 fit,

82 2958 226 3048 iuvabit,
265 2981 308 3028 ue
343 2958 418 3048 quis
451 2955 596 3038 dubitet,
629 2953 717 3023 haec
749 2956 950 3048 apposuisse
981 2977 1025 3025 ex
1051 2955 1191 3055 Oedipo

82 3060 184 3157 Rege
208 3084 241 3133 v.
257 3055 345 3130 515.

510 3222 543 3269 οι
556 3188 625 3291 γαρ
639 3197 679 3269 ἐν
692 3198 772 3277 ταῖς
785 3197 986 3292 ξυμφοραῖς

236 3323 318 3401 ταῖς
331 3314 396 3391 νῦν
408 3314 547 3410 νομίζει
563 3310 654 3412 πρός
665 3311 703 3411 μ’
718 3316 810 3409 ἐμοῦ
827 3315 1054 3390 πεπονθέναι

236 3431 401 3532 λόγοισιν
422 3433 493 3510 εἴτ’
513 3437 673 3530 ἔργοισιν
689 3439 741 3518 εἷς,
748 3431 890 3532 βλάβην
905 3437 1035 3532 φέρον,

233 3555 343 3631 οὗτοι
357 3555 443 3653 βίον
455 3582 523 3651 μοι
537 3554 607 3629 τοῦ
620 3554 848 3655 μακραίωνος
862 3549 1000 3644 πόθοι,

236 3678 388 3777 φέροντι
400 3670 509 3775 τήνδε
521 3668 637 3771 βάξιν.

77 3828 125 3902 Et
149 3852 182 3904 v.
211 3826 300 3903 851.

115 4058 118 4065 ¹
235 3971 272 4044 οἱ
286 3965 323 4044 δ’
337 3963 404 4044 οὖν
422 3994 462 4044 νι
476 3962 718 4063 ιαιιπρὲποιπο
738 3963 809 4041 τοῦ
823 3959 988 4062 πρόσθεν
1000 3958 1111 4061 λόγον
1118 4020 1132 4055 ,

145 4166 148 4171 .
233 4087 341 4165 οὔτοι
359 4082 461 4176 πότ’,
488 4081 596 4175 ὦναξ,
621 4077 690 4160 τόν
704 4113 746 4181 με
762 4086 887 4160 Λαΐου
905 4079 1020 4181 φόνον

232 4214 343 4308 φανεῖ
361 4205 501 4289 δικαίως
517 4198 646 4303 ὀρθόν.

178 4365 294 4462 Pergo
312 4386 401 4436 nuuc
422 4360 469 4434 ud
481 4360 621 4474 reliqua.
