<?xml version="1.0" encoding="UTF-8"?>
<!DOCTYPE html PUBLIC "-//W3C//DTD XHTML 1.0 Transitional//EN"
    "http://www.w3.org/TR/xhtml1/DTD/xhtml1-transitional.dtd">
<html xmlns="http://www.w3.org/1999/xhtml" xml:lang="en" lang="en">
 <head>
  <title>
</title>
<meta http-equiv="Content-Type" content="text/html;charset=utf-8" />
  <meta name='ocr-system' content='tesseract 3.04.00' />
  <meta name='ocr-capabilities' content='ocr_page ocr_carea ocr_par ocr_line ocrx_word'/>
</head>
<body>
  <div class='ocr_page' id='page_1' title='image "./opuscula00hermgoog/opuscula00hermgoog_0277.png"; bbox 0 0 2842 4920; ppageno 0'>
   <div class='ocr_carea' id='block_1_1' title="bbox 407 1229 1003 1473">
    <p class='ocr_par' dir='ltr' id='par_1_1' title="bbox 407 1229 1003 1473">
     <span class='ocr_line' id='line_1_1' title="bbox 664 1229 739 1293; baseline 0 0"><span class='ocrx_word' id='word_1_1' title='bbox 664 1229 739 1293; x_wconf 77' lang='lat' dir='ltr'><strong>ltu</strong></span> 
     </span>
     <span class='ocr_line' id='line_1_2' title="bbox 407 1401 1003 1473; baseline -0.002 -2"><span class='ocrx_word' id='word_1_2' title='bbox 407 1401 1003 1473; x_wconf 82' lang='lat' dir='ltr'><strong>AESOHYLl</strong></span> 
     </span>
    </p>
   </div>
   <div class='ocr_carea' id='block_1_2' title="bbox 208 1580 1197 1673">
    <p class='ocr_par' dir='ltr' id='par_1_2' title="bbox 208 1580 1197 1673">
     <span class='ocr_line' id='line_1_3' title="bbox 208 1580 1197 1673; baseline -0.001 -1"><span class='ocrx_word' id='word_1_3' title='bbox 208 1580 778 1673; x_wconf 85' lang='lat' dir='ltr'><strong>PROMETHEO</strong></span> <span class='ocrx_word' id='word_1_4' title='bbox 839 1580 1197 1671; x_wconf 86' lang='lat' dir='ltr'>SOLVTO</span> 
     </span>
    </p>
   </div>
   <div class='ocr_carea' id='block_1_3' title="bbox 515 1791 892 1864">
    <p class='ocr_par' dir='ltr' id='par_1_3' title="bbox 515 1791 892 1864">
     <span class='ocr_line' id='line_1_4' title="bbox 515 1791 892 1864; baseline 0.008 -15"><span class='ocrx_word' id='word_1_5' title='bbox 515 1791 892 1864; x_wconf 78' lang='lat' dir='ltr'><strong>ulssuuTAT10.*)</strong></span> 
     </span>
    </p>
   </div>
   <div class='ocr_carea' id='block_1_4' title="bbox 605 2050 811 2063">
    <p class='ocr_par' dir='ltr' id='par_1_4' title="bbox 605 2050 811 2063">
     <span class='ocr_line' id='line_1_5' title="bbox 605 2050 811 2063; baseline -0.005 -1"><span class='ocrx_word' id='word_1_6' title='bbox 605 2050 811 2063; x_wconf 54' lang='grc' dir='ltr'><strong>*ι-</strong></span> 
     </span>
    </p>
   </div>
   <div class='ocr_carea' id='block_1_5' title="bbox 149 2243 1282 4125">
    <p class='ocr_par' dir='ltr' id='par_1_5' title="bbox 149 2243 1282 3714">
     <span class='ocr_line' id='line_1_6' title="bbox 149 2243 1282 2372; baseline -0.001 -23"><span class='ocrx_word' id='word_1_7' title='bbox 149 2243 231 2349; x_wconf 85' lang='lat' dir='ltr'><strong>De</strong></span> <span class='ocrx_word' id='word_1_8' title='bbox 242 2275 406 2370; x_wconf 80' lang='lat' dir='ltr'><strong>Aeschyli</strong></span> <span class='ocrx_word' id='word_1_9' title='bbox 425 2278 637 2350; x_wconf 80' lang='lat' dir='ltr'><strong>Prometheis</strong></span> <span class='ocrx_word' id='word_1_10' title='bbox 652 2281 865 2349; x_wconf 83' lang='lat' dir='ltr'><strong>contentione</strong></span> <span class='ocrx_word' id='word_1_11' title='bbox 879 2280 1006 2349; x_wconf 90' lang='lat' dir='ltr'><strong>maiore</strong></span> <span class='ocrx_word' id='word_1_12' title='bbox 1020 2304 1123 2372; x_wconf 88' lang='lat' dir='ltr'><strong>quam</strong></span> <span class='ocrx_word' id='word_1_13' title='bbox 1136 2279 1282 2363; x_wconf 64' lang='lat' dir='ltr'><strong>fructus</strong></span> 
     </span>
     <span class='ocr_line' id='line_1_7' title="bbox 151 2383 1256 2476; baseline -0.001 -25"><span class='ocrx_word' id='word_1_14' title='bbox 151 2383 359 2476; x_wconf 86' lang='lat' dir='ltr'><strong>disputatum</strong></span> <span class='ocrx_word' id='word_1_15' title='bbox 374 2405 457 2470; x_wconf 87' lang='lat' dir='ltr'><strong>esse,</strong></span> <span class='ocrx_word' id='word_1_16' title='bbox 481 2385 569 2452; x_wconf 90' lang='lat' dir='ltr'><strong>iuter</strong></span> <span class='ocrx_word' id='word_1_17' title='bbox 582 2407 697 2453; x_wconf 90' lang='lat' dir='ltr'><strong>omnes</strong></span> <span class='ocrx_word' id='word_1_18' title='bbox 712 2393 850 2451; x_wconf 86' lang='lat' dir='ltr'><strong>constat</strong></span> <span class='ocrx_word' id='word_1_19' title='bbox 890 2385 980 2452; x_wconf 88' lang='lat' dir='ltr'><strong>Nam</strong></span> <span class='ocrx_word' id='word_1_20' title='bbox 992 2407 1099 2474; x_wconf 92' lang='lat' dir='ltr'><strong>quum</strong></span> <span class='ocrx_word' id='word_1_21' title='bbox 1112 2392 1146 2452; x_wconf 89' lang='lat' dir='ltr'><strong>et</strong></span> <span class='ocrx_word' id='word_1_22' title='bbox 1160 2384 1256 2475; x_wconf 83' lang='lat' dir='ltr'><strong>lgni-</strong></span> 
     </span>
     <span class='ocr_line' id='line_1_8' title="bbox 150 2486 1256 2577; baseline -0.002 -23"><span class='ocrx_word' id='word_1_23' title='bbox 150 2487 262 2554; x_wconf 85' lang='lat' dir='ltr'><strong>ferum</strong></span> <span class='ocrx_word' id='word_1_24' title='bbox 274 2486 519 2555; x_wconf 82' lang='lat' dir='ltr'><strong>Prometheum</strong></span> <span class='ocrx_word' id='word_1_25' title='bbox 532 2495 566 2554; x_wconf 90' lang='lat' dir='ltr'><strong>et</strong></span> <span class='ocrx_word' id='word_1_26' title='bbox 581 2487 738 2554; x_wconf 87' lang='lat' dir='ltr'><strong>Vinctum</strong></span> <span class='ocrx_word' id='word_1_27' title='bbox 748 2493 782 2552; x_wconf 89' lang='lat' dir='ltr'><strong>et</strong></span> <span class='ocrx_word' id='word_1_28' title='bbox 797 2487 953 2554; x_wconf 91' lang='lat' dir='ltr'><strong>Solutum</strong></span> <span class='ocrx_word' id='word_1_29' title='bbox 969 2487 1160 2577; x_wconf 81' lang='lat' dir='ltr'><strong>Aeschylus</strong></span> <span class='ocrx_word' id='word_1_30' title='bbox 1177 2486 1256 2553; x_wconf 91' lang='lat' dir='ltr'><strong>scri-</strong></span> 
     </span>
     <span class='ocr_line' id='line_1_9' title="bbox 149 2582 1256 2683; baseline -0.004 -25"><span class='ocrx_word' id='word_1_31' title='bbox 149 2590 273 2683; x_wconf 90' lang='lat' dir='ltr'><strong>pserit,</strong></span> <span class='ocrx_word' id='word_1_32' title='bbox 305 2590 393 2658; x_wconf 85' lang='lat' dir='ltr'><strong>visus</strong></span> <span class='ocrx_word' id='word_1_33' title='bbox 423 2599 474 2658; x_wconf 89' lang='lat' dir='ltr'><strong>est</strong></span> <span class='ocrx_word' id='word_1_34' title='bbox 506 2588 763 2658; x_wconf 87' lang='lat' dir='ltr'><strong>Hemsterhusio</strong></span> <span class='ocrx_word' id='word_1_35' title='bbox 795 2587 840 2656; x_wconf 89' lang='lat' dir='ltr'><strong>ad</strong></span> <span class='ocrx_word' id='word_1_36' title='bbox 868 2588 1044 2657; x_wconf 89' lang='lat' dir='ltr'><strong>Pollucem</strong></span> <span class='ocrx_word' id='word_1_37' title='bbox 1075 2589 1134 2657; x_wconf 86' lang='lat' dir='ltr'><strong>lx.</strong></span> <span class='ocrx_word' id='word_1_38' title='bbox 1171 2582 1256 2655; x_wconf 78' lang='lat'><strong>156.</strong></span> 
     </span>
     <span class='ocr_line' id='line_1_10' title="bbox 151 2692 1257 2785; baseline 0 -25"><span class='ocrx_word' id='word_1_39' title='bbox 151 2715 287 2761; x_wconf 91' lang='lat' dir='ltr'><strong>omnem</strong></span> <span class='ocrx_word' id='word_1_40' title='bbox 310 2692 484 2761; x_wconf 80' lang='lat' dir='ltr'><strong>historiam</strong></span> <span class='ocrx_word' id='word_1_41' title='bbox 503 2692 699 2761; x_wconf 87' lang='lat' dir='ltr'><strong>Promethei</strong></span> <span class='ocrx_word' id='word_1_42' title='bbox 723 2693 828 2760; x_wconf 86' lang='lat' dir='ltr'><strong>tribus</strong></span> <span class='ocrx_word' id='word_1_43' title='bbox 849 2693 1033 2785; x_wconf 82' lang='lat' dir='ltr'><strong>tragoediis</strong></span> <span class='ocrx_word' id='word_1_44' title='bbox 1064 2716 1137 2762; x_wconf 88' lang='lat' dir='ltr'><strong>esse</strong></span> <span class='ocrx_word' id='word_1_45' title='bbox 1159 2714 1257 2760; x_wconf 90' lang='lat' dir='ltr'><strong>com-</strong></span> 
     </span>
     <span class='ocr_line' id='line_1_11' title="bbox 150 2793 1256 2889; baseline -0.002 -25"><span class='ocrx_word' id='word_1_46' title='bbox 150 2797 280 2889; x_wconf 83' lang='lat' dir='ltr'><strong>plexus.</strong></span> <span class='ocrx_word' id='word_1_47' title='bbox 333 2796 441 2864; x_wconf 86' lang='lat' dir='ltr'><strong>Aliter</strong></span> <span class='ocrx_word' id='word_1_48' title='bbox 456 2804 615 2864; x_wconf 87' lang='lat' dir='ltr'><strong>statuerat</strong></span> <span class='ocrx_word' id='word_1_49' title='bbox 633 2796 678 2869; x_wconf 86' lang='lat' dir='ltr'><strong>G.</strong></span> <span class='ocrx_word' id='word_1_50' title='bbox 696 2795 860 2864; x_wconf 87' lang='lat' dir='ltr'><strong>Canterus</strong></span> <span class='ocrx_word' id='word_1_51' title='bbox 876 2797 964 2865; x_wconf 81' lang='lat' dir='ltr'><strong>Nor.</strong></span> <span class='ocrx_word' id='word_1_52' title='bbox 982 2797 1092 2865; x_wconf 86' lang='lat' dir='ltr'><strong>Lectt</strong></span> <span class='ocrx_word' id='word_1_53' title='bbox 1105 2796 1179 2863; x_wconf 90' lang='lat' dir='ltr'><strong>Vll.</strong></span> <span class='ocrx_word' id='word_1_54' title='bbox 1194 2793 1256 2869; x_wconf 83' lang='lat'><strong>21.</strong></span> 
     </span>
     <span class='ocr_line' id='line_1_12' title="bbox 152 2893 1259 2992; baseline 0.002 -26"><span class='ocrx_word' id='word_1_55' title='bbox 152 2900 209 2989; x_wconf 92' lang='lat' dir='ltr'><strong>qui</strong></span> <span class='ocrx_word' id='word_1_56' title='bbox 223 2898 465 2967; x_wconf 84' lang='lat' dir='ltr'><strong>Prometheum</strong></span> <span class='ocrx_word' id='word_1_57' title='bbox 481 2893 673 2992; x_wconf 79' lang='grc' dir='ltr'><strong><em>πυρφόρον</em></strong></span> <span class='ocrx_word' id='word_1_58' title='bbox 691 2906 724 2965; x_wconf 90' lang='lat' dir='ltr'><strong>et</strong></span> <span class='ocrx_word' id='word_1_59' title='bbox 744 2899 925 2992; x_wconf 79' lang='grc' dir='ltr'><strong><em>πυρκαέα,</em></strong></span> <span class='ocrx_word' id='word_1_60' title='bbox 953 2923 1041 2989; x_wconf 90' lang='lat' dir='ltr'><strong>quae</strong></span> <span class='ocrx_word' id='word_1_61' title='bbox 1059 2901 1124 2967; x_wconf 84' lang='lat' dir='ltr'><strong>fuit</strong></span> <span class='ocrx_word' id='word_1_62' title='bbox 1143 2899 1259 2968; x_wconf 75' lang='lat' dir='ltr'><strong>fabuh</strong></span> 
     </span>
     <span class='ocr_line' id='line_1_13' title="bbox 151 2998 1258 3093; baseline -0.003 -23"><span class='ocrx_word' id='word_1_63' title='bbox 151 3003 314 3093; x_wconf 85' lang='lat' dir='ltr'><strong>satyrica,</strong></span> <span class='ocrx_word' id='word_1_64' title='bbox 340 3025 444 3070; x_wconf 90' lang='lat' dir='ltr'><strong>uuum</strong></span> <span class='ocrx_word' id='word_1_65' title='bbox 464 3001 691 3090; x_wconf 88' lang='lat' dir='ltr'><strong>eumdemque</strong></span> <span class='ocrx_word' id='word_1_66' title='bbox 708 3022 781 3068; x_wconf 89' lang='lat' dir='ltr'><strong>esse</strong></span> <span class='ocrx_word' id='word_1_67' title='bbox 802 2998 955 3092; x_wconf 87' lang='lat' dir='ltr'><strong>putabat.</strong></span> <span class='ocrx_word' id='word_1_68' title='bbox 1006 3003 1129 3092; x_wconf 86' lang='lat' dir='ltr'><strong>Nuper</strong></span> <span class='ocrx_word' id='word_1_69' title='bbox 1142 3001 1258 3068; x_wconf 88' lang='lat' dir='ltr'><strong>Hem-</strong></span> 
     </span>
     <span class='ocr_line' id='line_1_14' title="bbox 153 3101 1258 3192; baseline -0.004 -18"><span class='ocrx_word' id='word_1_70' title='bbox 153 3105 308 3174; x_wconf 85' lang='lat' dir='ltr'><strong>sterhusii</strong></span> <span class='ocrx_word' id='word_1_71' title='bbox 336 3105 498 3173; x_wconf 88' lang='lat' dir='ltr'><strong>sententia</strong></span> <span class='ocrx_word' id='word_1_72' title='bbox 521 3105 660 3172; x_wconf 83' lang='lat' dir='ltr'><strong>defensa</strong></span> <span class='ocrx_word' id='word_1_73' title='bbox 681 3111 748 3190; x_wconf 90' lang='lat' dir='ltr'><strong>est,</strong></span> <span class='ocrx_word' id='word_1_74' title='bbox 774 3102 819 3169; x_wconf 91' lang='lat' dir='ltr'><strong>ita</strong></span> <span class='ocrx_word' id='word_1_75' title='bbox 844 3101 1002 3192; x_wconf 90' lang='lat' dir='ltr'><strong>quidem,</strong></span> <span class='ocrx_word' id='word_1_76' title='bbox 1029 3113 1067 3171; x_wconf 92' lang='lat' dir='ltr'><strong>ut</strong></span> <span class='ocrx_word' id='word_1_77' title='bbox 1090 3112 1157 3171; x_wconf 87' lang='lat' dir='ltr'><strong>tres</strong></span> <span class='ocrx_word' id='word_1_78' title='bbox 1180 3102 1258 3170; x_wconf 92' lang='lat' dir='ltr'><strong>illae</strong></span> 
     </span>
     <span class='ocr_line' id='line_1_15' title="bbox 152 3205 1257 3301; baseline -0.004 -24"><span class='ocrx_word' id='word_1_79' title='bbox 152 3207 350 3301; x_wconf 84' lang='lat' dir='ltr'><strong>tragoediae</strong></span> <span class='ocrx_word' id='word_1_80' title='bbox 376 3231 444 3277; x_wconf 89' lang='lat' dir='ltr'><strong>uua</strong></span> <span class='ocrx_word' id='word_1_81' title='bbox 467 3208 571 3277; x_wconf 87' lang='lat' dir='ltr'><strong>fuisse</strong></span> <span class='ocrx_word' id='word_1_82' title='bbox 597 3208 731 3300; x_wconf 83' lang='lat' dir='ltr'><strong>trilogia</strong></span> <span class='ocrx_word' id='word_1_83' title='bbox 760 3205 956 3276; x_wconf 88' lang='lat' dir='ltr'><strong>coniunctae</strong></span> <span class='ocrx_word' id='word_1_84' title='bbox 985 3207 1257 3301; x_wconf 89' lang='lat' dir='ltr'><strong>perhiberentur.</strong></span> 
     </span>
     <span class='ocr_line' id='line_1_16' title="bbox 154 3309 1258 3397; baseline -0.002 -18"><span class='ocrx_word' id='word_1_85' title='bbox 154 3311 259 3397; x_wconf 80' lang='lat' dir='ltr'><strong>Quod</strong></span> <span class='ocrx_word' id='word_1_86' title='bbox 279 3333 439 3380; x_wconf 89' lang='lat' dir='ltr'><strong>verumne</strong></span> <span class='ocrx_word' id='word_1_87' title='bbox 461 3335 504 3379; x_wconf 91' lang='lat' dir='ltr'><strong>an</strong></span> <span class='ocrx_word' id='word_1_88' title='bbox 530 3311 653 3379; x_wconf 86' lang='lat' dir='ltr'><strong>falsum</strong></span> <span class='ocrx_word' id='word_1_89' title='bbox 678 3312 737 3395; x_wconf 88' lang='lat' dir='ltr'><strong>sit,</strong></span> <span class='ocrx_word' id='word_1_90' title='bbox 765 3310 911 3377; x_wconf 88' lang='lat' dir='ltr'><strong>dubitari</strong></span> <span class='ocrx_word' id='word_1_91' title='bbox 940 3311 1178 3396; x_wconf 89' lang='lat' dir='ltr'><strong>vehementer,</strong></span> <span class='ocrx_word' id='word_1_92' title='bbox 1213 3309 1258 3377; x_wconf 90' lang='lat' dir='ltr'><strong>ad</strong></span> 
     </span>
     <span class='ocr_line' id='line_1_17' title="bbox 152 3414 1257 3508; baseline 0 -26"><span class='ocrx_word' id='word_1_93' title='bbox 152 3414 317 3504; x_wconf 89' lang='lat' dir='ltr'><strong>liquidum</strong></span> <span class='ocrx_word' id='word_1_94' title='bbox 331 3414 474 3508; x_wconf 88' lang='lat' dir='ltr'><strong>perduci</strong></span> <span class='ocrx_word' id='word_1_95' title='bbox 488 3414 543 3482; x_wconf 84' lang='lat' dir='ltr'><strong>vix</strong></span> <span class='ocrx_word' id='word_1_96' title='bbox 556 3423 679 3508; x_wconf 88' lang='lat' dir='ltr'><strong>potest.</strong></span> <span class='ocrx_word' id='word_1_97' title='bbox 731 3415 864 3481; x_wconf 88' lang='lat' dir='ltr'><strong>lnterea</strong></span> <span class='ocrx_word' id='word_1_98' title='bbox 887 3435 1013 3504; x_wconf 87' lang='lat' dir='ltr'><strong>operae</strong></span> <span class='ocrx_word' id='word_1_99' title='bbox 1029 3415 1177 3508; x_wconf 92' lang='lat' dir='ltr'><strong>pretium</strong></span> <span class='ocrx_word' id='word_1_100' title='bbox 1197 3423 1257 3500; x_wconf 84' lang='lat' dir='ltr'><strong>est,</strong></span> 
     </span>
     <span class='ocr_line' id='line_1_18' title="bbox 153 3516 1258 3611; baseline -0.003 -25"><span class='ocrx_word' id='word_1_101' title='bbox 153 3541 221 3607; x_wconf 91' lang='lat' dir='ltr'><strong>quo</strong></span> <span class='ocrx_word' id='word_1_102' title='bbox 233 3518 269 3585; x_wconf 92' lang='lat' dir='ltr'><strong>in</strong></span> <span class='ocrx_word' id='word_1_103' title='bbox 282 3525 369 3586; x_wconf 86' lang='lat' dir='ltr'><strong>statu</strong></span> <span class='ocrx_word' id='word_1_104' title='bbox 387 3542 440 3586; x_wconf 89' lang='lat' dir='ltr'><strong>res</strong></span> <span class='ocrx_word' id='word_1_105' title='bbox 456 3519 497 3586; x_wconf 89' lang='lat' dir='ltr'><strong>sit</strong></span> <span class='ocrx_word' id='word_1_106' title='bbox 512 3539 738 3611; x_wconf 81' lang='lat' dir='ltr'><strong>cognoscere,</strong></span> <span class='ocrx_word' id='word_1_107' title='bbox 764 3526 801 3585; x_wconf 95' lang='lat' dir='ltr'><strong>ut</strong></span> <span class='ocrx_word' id='word_1_108' title='bbox 821 3516 856 3584; x_wconf 91' lang='lat' dir='ltr'><strong>in</strong></span> <span class='ocrx_word' id='word_1_109' title='bbox 873 3518 1064 3609; x_wconf 89' lang='lat' dir='ltr'><strong>arripiendo</strong></span> <span class='ocrx_word' id='word_1_110' title='bbox 1081 3517 1258 3609; x_wconf 88' lang='lat' dir='ltr'><strong>cupiditas,</strong></span> 
     </span>
     <span class='ocr_line' id='line_1_19' title="bbox 152 3620 740 3714; baseline 0.005 -24"><span class='ocrx_word' id='word_1_111' title='bbox 152 3620 380 3690; x_wconf 88' lang='lat' dir='ltr'><strong>inreiiciendo</strong></span> <span class='ocrx_word' id='word_1_112' title='bbox 394 3621 562 3714; x_wconf 83' lang='lat' dir='ltr'><strong>temeritas</strong></span> <span class='ocrx_word' id='word_1_113' title='bbox 578 3630 740 3693; x_wconf 89' lang='lat' dir='ltr'><strong>arceatur.</strong></span> 
     </span>
    </p>

    <p class='ocr_par' dir='ltr' id='par_1_6' title="bbox 151 3721 1260 4125">
     <span class='ocr_line' id='line_1_20' title="bbox 255 3721 1258 3813; baseline -0.004 -22"><span class='ocrx_word' id='word_1_114' title='bbox 255 3723 295 3791; x_wconf 90' lang='lat' dir='ltr'><strong>lu</strong></span> <span class='ocrx_word' id='word_1_115' title='bbox 312 3723 424 3793; x_wconf 88' lang='lat' dir='ltr'><strong>indice</strong></span> <span class='ocrx_word' id='word_1_116' title='bbox 442 3725 635 3792; x_wconf 85' lang='lat' dir='ltr'><strong>fabularum</strong></span> <span class='ocrx_word' id='word_1_117' title='bbox 651 3722 813 3813; x_wconf 84' lang='lat' dir='ltr'><strong>Aeschyli</strong></span> <span class='ocrx_word' id='word_1_118' title='bbox 835 3730 901 3789; x_wconf 89' lang='lat' dir='ltr'><strong>tres</strong></span> <span class='ocrx_word' id='word_1_119' title='bbox 925 3721 1119 3789; x_wconf 90' lang='lat' dir='ltr'><strong>Promethei</strong></span> <span class='ocrx_word' id='word_1_120' title='bbox 1137 3743 1258 3788; x_wconf 89' lang='lat' dir='ltr'><strong>nume-</strong></span> 
     </span>
     <span class='ocr_line' id='line_1_21' title="bbox 152 3819 1258 3923; baseline -0.004 -29"><span class='ocrx_word' id='word_1_121' title='bbox 152 3835 278 3915; x_wconf 87' lang='lat' dir='ltr'><strong>rantur,</strong></span> <span class='ocrx_word' id='word_1_122' title='bbox 306 3821 503 3923; x_wconf 70' lang='grc' dir='ltr'><strong><em>δεσμώτης,</em></strong></span> <span class='ocrx_word' id='word_1_123' title='bbox 531 3820 729 3922; x_wconf 79' lang='grc' dir='ltr'><strong><em>πυρφόρος,</em></strong></span> <span class='ocrx_word' id='word_1_124' title='bbox 755 3819 939 3915; x_wconf 71' lang='grc' dir='ltr'><strong><em>λυόμενος.</em></strong></span> <span class='ocrx_word' id='word_1_125' title='bbox 992 3827 1046 3894; x_wconf 85' lang='lat' dir='ltr'><strong>Ex</strong></span> <span class='ocrx_word' id='word_1_126' title='bbox 1058 3833 1258 3916; x_wconf 85' lang='lat' dir='ltr'><strong>argumento</strong></span> 
     </span>
     <span class='ocr_line' id='line_1_22' title="bbox 151 3927 1260 4022; baseline -0.004 -24"><span class='ocrx_word' id='word_1_127' title='bbox 151 3929 334 3998; x_wconf 89' lang='lat' dir='ltr'><strong>Persarum</strong></span> <span class='ocrx_word' id='word_1_128' title='bbox 351 3939 563 4022; x_wconf 90' lang='lat' dir='ltr'><strong>compertum</strong></span> <span class='ocrx_word' id='word_1_129' title='bbox 577 3930 765 4012; x_wconf 86' lang='lat' dir='ltr'><strong>habemus,</strong></span> <span class='ocrx_word' id='word_1_130' title='bbox 790 3927 965 4013; x_wconf 90' lang='lat' dir='ltr'><strong>Phineum,</strong></span> <span class='ocrx_word' id='word_1_131' title='bbox 992 3928 1123 4013; x_wconf 87' lang='lat' dir='ltr'><strong>Persas,</strong></span> <span class='ocrx_word' id='word_1_132' title='bbox 1150 3927 1260 3996; x_wconf 88' lang='lat' dir='ltr'><strong>Glau-</strong></span> 
     </span>
     <span class='ocr_line' id='line_1_23' title="bbox 154 4030 1259 4125; baseline -0.001 -24"><span class='ocrx_word' id='word_1_133' title='bbox 154 4056 231 4102; x_wconf 90' lang='lat' dir='ltr'><strong>cum</strong></span> <span class='ocrx_word' id='word_1_134' title='bbox 246 4032 474 4124; x_wconf 86' lang='lat' dir='ltr'><strong>Potniensem,</strong></span> <span class='ocrx_word' id='word_1_135' title='bbox 499 4032 742 4104; x_wconf 88' lang='lat' dir='ltr'><strong>Prometheum</strong></span> <span class='ocrx_word' id='word_1_136' title='bbox 756 4055 823 4101; x_wconf 88' lang='lat' dir='ltr'><strong>una</strong></span> <span class='ocrx_word' id='word_1_137' title='bbox 836 4030 1015 4125; x_wconf 84' lang='lat' dir='ltr'><strong>tetralogia</strong></span> <span class='ocrx_word' id='word_1_138' title='bbox 1031 4031 1259 4123; x_wconf 86' lang='lat' dir='ltr'><strong>comprehen-</strong></span> 
     </span>
    </p>
   </div>
   <div class='ocr_carea' id='block_1_6' title="bbox 98 4334 604 4440">
    <p class='ocr_par' dir='ltr' id='par_1_7' title="bbox 98 4334 604 4440">
     <span class='ocr_line' id='line_1_24' title="bbox 98 4334 604 4440; baseline 0.071 -64"><span class='ocrx_word' id='word_1_139' title='bbox 98 4361 101 4367; x_wconf 82' lang='lat'>.</span> <span class='ocrx_word' id='word_1_140' title='bbox 161 4334 205 4440; x_wconf 57' lang='lat' dir='ltr'><strong>x2¹.</strong></span> <span class='ocrx_word' id='word_1_141' title='bbox 239 4337 271 4419; x_wconf 63' lang='lat' dir='ltr'><strong>t)</strong></span> <span class='ocrx_word' id='word_1_142' title='bbox 295 4338 386 4402; x_wconf 81' lang='lat' dir='ltr'><strong>Edita</strong></span> <span class='ocrx_word' id='word_1_143' title='bbox 400 4351 444 4402; x_wconf 79' lang='lat' dir='ltr'><strong>est</strong></span> <span class='ocrx_word' id='word_1_144' title='bbox 459 4361 488 4402; x_wconf 85' lang='lat' dir='ltr'><strong>a.</strong></span> <span class='ocrx_word' id='word_1_145' title='bbox 510 4343 604 4408; x_wconf 83' lang='lat'><strong>1828·</strong></span> 
     </span>
    </p>
   </div>
   <div class='ocr_carea' id='block_1_7' title="bbox 0 0 1428 4920">
    <p class='ocr_par' dir='ltr' id='par_1_8' title="bbox 0 0 1428 4920">
     <span class='ocr_line' id='line_1_25' title="bbox 0 0 1428 4920; baseline 0 0"><span class='ocrx_word' id='word_1_146' title='bbox 0 0 1428 4920; x_wconf 95' lang='lat' dir='ltr'><strong> </strong></span> 
     </span>
    </p>
   </div>
  </div>
 </body>
</html>
