2842 4920
150 345 217 410 ιιι
404 287 1025 402 ιιιιιιιιιιισιοιιιιιιιι

179 529 231 598 60
308 580 588 599 .........
607 522 734 611 Ζευς
701 553 843 647 ιποριν
859 530 1052 622 §opuntii

258 658 349 731 φημι
341 631 405 707 ’δι
422 627 587 707 ια’κιῐνον
602 628 669 706 τόν
685 626 742 703 αἰι
731 631 1036 754 πεφυλαγμένον
1051 626 1169 724 ἄνδρα

157 740 167 752 “
307 734 368 807 καί
383 729 530 808 πόντων
547 741 652 828 μῖσος
667 727 851 824 κτσίμινον
870 738 908 806 εἰι
930 733 1091 820 συνοχοιν

260 831 376 918 πόσας
391 834 488 933 α’μηί
503 844 694 932 γυναῖκας,
720 863 791 909 υπο
784 830 969 910 σκολιοῖο
984 836 1146 907 τυπέντα

310 935 438 1023 τόξου,
466 934 675 1058 νυκτερινός
685 936 748 1012 οὐκ
762 933 951 1012 οίιιοθίσθ
965 930 1107 1016 ὀδύνας.

183 1042 233 1112 65
261 1037 355 1117 utto?
375 1042 610 1142 Μακηδονίης
624 1033 740 1123 πόσας
758 1041 996 1114 κατενίσσατο
1014 1033 1152 1136 λαύρας

312 1144 471 1269 Aiyet'ow
488 1143 705 1235 μίθειιινδ’
715 1141 893 1240 Αρχελέυι
911 1141 1068 1238 ταμίην,

262 1244 408 1330 ειςόκι.
438 1247 616 1341 δαίμων
631 1244 810 1346 Εὐριπίδη
829 1243 934 1342 ιιιρικ
940 1241 1140 1340 ’ὄιεθρον,

322 1580 459 1666 Βόκχου,
481 1581 531 1650 καί
545 1584 596 1650 τὸν
612 1580 699 1668 ἔρωτ’
717 1580 850 1667 υίνίγειρε
864 1585 1031 1666 Θεωρίδος,
1054 1631 1061 1644 .
1086 1627 1093 1642 .

367 1715 531 1733 ......
557 1669 634 1746 Ζιδς
649 1670 755 1752 iraeneo
771 1676 932 1748 Σοφοκλεῖ

155 1799 277 1858 Lacuna
299 1798 373 1876 quid
396 1799 596 1876 continuerit,
619 1800 708 1883 plane
728 1798 892 1858 incertum:
921 1795 976 1858 sed
997 1805 1114 1871 temen,
1145 1796 1265 1878 opinor,

156 1895 218 1960 aut,
240 1883 407 1943 cuiusmodi
424 1884 497 1964 quid
517 1886 685 1986 suspicatus
700 1893 745 1944 est
755 1884 895 1962 Ilgeniue‚
918 1894 983 1941 arte
995 1881 1034 1939 ab
1046 1879 1117 1940 Inue
1131 1895 1265 1962 accepta,

157 1979 192 2028 ut
211 1963 380 2053 τεχυοσόφηι
401 1972 509 2051 φρενί,
531 1965 607 2048 τηύ,
630 1981 683 2030 aut
707 1969 745 2028 de
767 1978 938 2043 senectute,
959 1977 995 2026 ut
1015 1965 1067 2029 και
1081 1991 1191 2054 pepone)
1209 1965 1265 2051 peip

157 2053 248 2136 ἐρᾶν,
273 2054 440 2126 ιιιιιιιιιιιε,
463 2056 488 2114 ei
502 2058 534 2115 in
550 2055 608 2114 fine
619 2055 786 2115 hexametri
802 2048 896 2117 οἶσθα
911 2053 978 2113 fuit.

241 2144 291 2205 62.
317 2139 426 2212 Quod
417 2160 448 2197 m
464 2140 548 2199 libris
569 2150 624 2213 eet,
647 2139 699 2201 καί
715 2135 838 2200 πόντων
852 2145 940 2218 μῖσος
960 2130 1114 2246 κτοιρενσν
1129 2137 1162 2200 ἐκ
1178 2157 1265 2202 συνο-
1282 2190 1284 2195 .

155 2225 233 2301 χῶν,
256 2242 310 2300 ego
326 2223 488 2301 quidem
464 2245 508 2282 alc
524 2223 733 2301 corrigendum
751 2231 843 2302 puto:
865 2221 917 2283 καί
938 2224 1076 2284 σπανίων
1091 2229 1180 2302 μῖσος
1192 2218 1265 2287 κιαι-

122 2299 125 2304 ’
156 2328 278 2414 μενον
266 2307 298 2368 ἐκ
322 2302 468 2370 συνόδων.
513 2307 752 2386 Moechopulus
744 2328 776 2365 ιιι
795 2306 861 2366 Vita
879 2306 1049 2386 Euripidie:
1081 2305 1266 2411 σκυθρωπός

157 2386 237 2452 δὲ
209 2415 241 2452 το
254 2383 336 2493 ηθος
352 2416 393 2471 ην
411 2392 462 2454 και
480 2387 607 2474 ιίμειδης
628 2392 681 2455 καὶ
700 2387 824 2476 φεύγων
841 2387 895 2466 τδς
915 2392 1095 2465 συνουσίας·
1120 2388 1199 2457 ὅθεν
1214 2393 1266 2457 καί

50 2472 68 2500 ”
157 2472 323 2558 μισογύνης
337 2475 500 2558 ἐδοξάσθη.

243 2568 292 2628 66
318 2562 475 2623 Librorum
495 2563 665 2643 scriptura,
696 2561 846 2643 Αίγείσιν,
873 2563 904 2620 ei
921 2569 1047 2620 accentu
1071 2571 1187 2623 mutato
1210 2563 1265 2626 Αί-

156 2649 249 2728 ηεισιν
264 2658 446 2726 reponatur,
468 2649 670 2727 iungaturque
682 2669 715 2707 ea
729 2668 791 2707 vox
808 2667 876 2705 cum
891 2645 1141 2726 praecedentibus
1154 2649 1265 2720 verbis,

156 2751 213 2812 per
229 2752 260 2789 ee
274 2731 351 2791 nihil
363 2733 470 2804 habet,
493 2734 576 2812 quod
595 2732 762 2813 improbari
776 2733 891 2811 poeait,
918 2729 1066 2810 siquidem
1084 2733 1157 2793 urbs
1169 2733 1266 2812 Aegea

158 2814 344 2875 Macedonici
359 2818 443 2896 regni
466 2818 550 2878 aedes
565 2819 633 2876 suit.
675 2817 743 2877 Non
758 2817 861 2896 inepte
873 2825 973 2876 tamen
988 2816 1102 2894 critici,
1123 2820 1266 2897 quoniam

159 2910 347 2962 caeterorum
367 2903 477 2962 amicae
493 2903 678 2967 eruditorum
692 2901 848 2962 hominum
863 2922 965 2961 omnee
980 2902 1156 2963 nominatim
1174 2915 1276 2984 poeta

157 2996 312 3062 memorat,
335 2986 386 3048 hic
401 3009 521 3068 quoque
534 2988 668 3049 mulieris
685 3009 808 3060 nomen,
831 3007 922 3067 quem
937 2986 1096 3066 Euripides
1110 2993 1264 3068 amaverit,

158 3071 252 3131 latere
273 3081 342 3132 eunt
358 3075 512 3154 auspicati
555 3074 615 3134 Sed
630 3075 663 3133 id
683 3077 770 3154 quale
787 3073 878 3132 fuerit
885 3073 982 3151 ,quie
1002 3082 1084 3131 certo
1100 3073 1208 3135 dicet?
1228 3076 1265 3136 ln

158 3156 228 3216 Vita
248 3157 442 3265 Moscbopuli
464 3159 539 3220 haec
561 3170 675 3219 tantum
693 3162 785 3219 relata
806 3168 893 3218 sunt:
925 3157 1020 3239 ἕτερον
1042 3155 1075 3218 δὲ
1092 3155 1263 3242 ἱστόρησαν,

159 3235 229 3342 σιίχ
235 3239 299 3304 eino*
324 3248 442 3319 κυνιεῖν,
474 3240 543 3306 atn'
562 3241 624 3306 διιό
649 3249 801 3326 γυναικῶν
823 3237 917 3306 ου’τδν
935 3244 1181 3348 διασπασθῆναι,
1211 3271 1265 3310 πο-

159 3319 334 3429 ρευόμενην
341 3322 418 3407 υίωρι
434 3325 510 3408 πρός
531 3326 734 3431 Κράτερον
700 3353 754 3392 τον
773 3321 944 3410 ίρσιμενυν’
945 3323 1112 3407 Αρχελοίου.
1133 3328 1245 3392 καί
1207 3355 1264 3414 γαρ

160 3416 241 3488 σχεῖν
260 3405 353 3471 αιίτδν
371 3412 423 3473 καί
439 3414 522 3517 περὶ
524 3437 596 3486 τους
610 3409 768 3488 τοιούτους
783 3413 902 3491 ἔρωτας.
926 3415 956 3475 οι
949 3412 1020 3488 δι’,
1040 3410 1117 3493 πρός
1135 3438 1194 3496 την
1208 3442 1265 3498 γα·

160 3516 253 3573 μειην
269 3497 435 3559 Νικοδίκου
449 3520 502 3560 του
491 3490 722 3578 Ἀρεθουσίου.
765 3498 875 3570 Eadem
888 3497 970 3578 apud
982 3497 1104 3557 Suidam
1116 3511 1263 3580 prostant,

160 3579 213 3638 ubi
230 3578 281 3638 bic
297 3580 458 3641 Nicodicue
473 3583 653 3643 Nicodemue
668 3593 803 3643 vocatur.

247 3671 298 3732 67.
322 3666 403 3732 MSS.
429 3662 525 3741 είςόκε
542 3670 667 3747 δαίμων.
701 3669 778 3730 Εδδ.
793 3669 873 3728 mter
888 3667 943 3727 bae
957 3687 1049 3728 voces
1063 3691 1110 3730 τοι
1127 3669 1266 3732 inserunt

160 3748 252 3822 Quod
265 3771 387 3811 servans
408 3754 561 3812 Poreouue
577 3694 732 3835 Ριίριπίδη
746 3754 887 3814 vocativo
911 3773 1004 3812 causu
1022 3754 1114 3813 ecribi
1132 3756 1264 3819 volebat.

159 3834 255 3912 quue
269 3839 388 3896 omnino
405 3847 435 3897 et
449 3839 612 3917 elegantius
635 3849 681 3899 eat
690 3860 809 3916 ,quam
826 3839 852 3898 ei
874 3841 941 3918 quie
959 3838 1051 3898 scribi
1068 3839 1160 3900 vellet
1173 3837 1265 3916 εἰςόκε

159 3941 206 3992 τις
220 3921 337 3999 δαίμων
356 3915 529 4030 Εὐριπίδη,
551 3935 598 3997 et,
621 3925 679 3984 nisi
671 3925 800 4000 'fallor‚
824 3925 912 3984 etiam
926 3925 1037 3983 rectius
1053 3936 1180 4004 propter
1195 3947 1265 3986 ver-

58 4078 60 4086 .
160 4003 232 4062 bum
250 4005 431 4066 medium‘'
395 4031 513 4089 ευρειο,
538 3972 620 4087 ηιιόδ
634 4012 778 4091 praebent
792 4009 880 4070 codd.
897 4009 971 4069 Ven.
983 4019 1012 4068 et
1024 4011 1111 4073 Laur.
1124 4031 1183 4090 pro
1199 4013 1264 4072 Pel.

162 4096 191 4146 et
211 4088 376 4150 editionum
396 4095 547 4174 scriptura
555 4088 663 4197 εὗρεν.
709 4098 865 4156 Caeterum
880 4095 1038 4154 severioris
1052 4099 1265 4172 grammaticae

161 4174 240 4230 ratio
258 4169 350 4247 είςόιε
362 4179 479 4255 potius,
500 4200 588 4258 quarn
605 4173 697 4253 ειςόκε
715 4180 855 4259 requirit.
898 4180 1061 4239 Permultie
1072 4189 1173 4240 temen
1188 4183 1265 4242 loeie

161 4256 257 4336 apud
253 4259 432 4320 recentiores
446 4272 549 4342 poetae
566 4262 658 4338 aiebas
673 4285 741 4325 cum
754 4265 924 4325 indicativie
945 4263 1178 4344 praeteritorum
1193 4288 1264 4328 eon·

55 4389 56 4393 ,
85 4343 89 4359 '
161 4351 308 4404 structum
322 4344 488 4425 iuvenitur,
511 4358 547 4408 ut
566 4350 633 4411 iure
650 4349 783 4454 dubitari
802 4351 917 4432 poscit,
937 4350 1132 4412 librariieue
1122 4352 1264 4433 amputari
