2842 4920
61 129 111 200 21
164 133 210 235 ἢν
231 137 271 208 δε
296 129 510 228 Νεμειὴιοο
536 135 624 232 utin
651 162 744 207 ιοτιι
771 130 891 261 dorna
918 136 1085 224 λέοντος,

164 266 197 312 ει
192 238 292 332 ’μὲν
313 236 370 311 toi
393 235 520 355 πρώτῃ
547 234 611 334 ἠοῖ
633 230 817 332 δρόμοι’
798 229 1001 326 ειιύιειει,

161 335 332 464 λήσεται,
358 335 445 412 οὐδέ
466 366 532 431 μιιι
558 336 663 421 αὖτις
688 341 856 433 ἐφέστιον
884 338 942 412 οἷο
966 339 1121 421 ἄιοιιοι

162 437 338 540 οἱθρὴσεις
363 436 578 537 θεράποντα
606 436 849 566 ιρογόπιολιι*
882 470 914 517 ιι
910 441 1040 516 δε
1005 473 1025 516 ιι
1056 448 1095 517 ἐι
1123 442 1184 539 ηὀῑ

163 544 346 668 δειπατίῃ
359 547 505 639 οἶροιιο
532 540 668 642 φορήν,
691 541 735 618 οὐ
761 538 884 617 adira
913 546 1068 620 rsie'ooa

161 641 417 748 δρησμοσύιηι

108 802 156 871 Et
175 830 207 876 ει
201 800 368 893 quidem
393 811 514 892 postea
534 803 681 893 cognovi
707 824 727 867 ο
754 799 933 892 Spitzncro
957 824 1093 892 quoque
1113 803 1214 871 resti-

109 915 218 975 tutum
249 927 341 987 esse,
375 927 490 995 equo
511 905 568 993 qui
592 904 724 995 accepit
750 904 976 991 (tethardus,
1011 928 1080 974 ιιοιι
1099 913 1215 974 tamur

108 1009 219 1078 omnia
235 1008 437 1101 personavit.
490 1006 576 1076 Mox
593 1009 706 1102 pergit
720 1006 942 1077 Schaeferus:
972 1009 1214 1095 „Praecideo

97 1112 192 1208 sore
216 1111 277 1204 qui
300 1111 394 1180 talia
417 1110 599 1180 citerioris
628 1110 859 1180 Graecitatis
879 1112 1040 1205 proprio
1061 1111 1214 1182 dicant:

108 1216 177 1287 sed
209 1215 249 1284 tu·
282 1214 420 1299 sciant,
468 1216 580 1284 etiam
611 1215 647 1284 in
682 1214 934 1284 vetustissimis
970 1212 1214 1307 scriptoribus

107 1318 276 1413 exanplo
297 1317 403 1387 huius
425 1319 706 1388 constructionis
726 1318 815 1387 mihi
841 1318 1058 1388 occurrisse.
1116 1319 1214 1412 Hep-

100 1432 295 1519 pocrates‚
323 1430 364 1490 ut
381 1421 451 1490 hoc
474 1431 582 1507 utar,
615 1421 716 1491 Sect.
736 1421 766 1489 Ι.
788 1420 889 1514 nii,
915 1420 974 1490 18.
1001 1423 1061 1494 ed.
1089 1421 1214 1492 Fran-

107 1525 240 1622 cqsort.
274 1522 385 1594 1595.
420 1523 465 1622 ἤν
499 1553 554 1606 τις
587 1523 786 1621 ἐπιχειροίη
820 1527 985 1616 λέγειι.“
1035 1524 1214 1619 legunto

104 1631 193 1701 hueo
213 1629 318 1699 verbo
337 1651 404 1697 ιιοιι
424 1629 528 1721 longo
544 1630 742 1724 sprincipio
766 1627 841 1696 libri
856 1628 900 1696 do
913 1628 1018 1697 veteri
1033 1628 1212 1707 medicine,

105 1735 171 1806 vot
185 1733 211 1802 Ι.
227 1757 264 1826 p.
283 1729 343 1802 23.
370 1731 423 1799 ed.
440 1733 534 1823 Lips.
586 1734 665 1801 Νοιι
687 1754 824 1801 usurum
846 1731 948 1800 fuisse
968 1731 1037 1800 hoc
1052 1734 1211 1826 exemplo

106 1837 282 1918 dicebam,
309 1836 335 1901 si
357 1834 508 1924 inspecta
534 1833 663 1901 Maskii
686 1834 832 1902 editione
856 1857 897 1902 ex
919 1835 1022 1909 codd.
1041 1845 1211 1904 enotatam

104 1938 243 2008 vidisset
262 1958 378 2006 veram
393 1936 592 2028 scriptoram
607 1938 799 2031 ε’πιχειρέη
894 1997 899 2008 .

125 2090 353 2265 mii-13¹.)
368 2092 409 2165 P.
424 2089 486 2161 90.
518 2088 709 2159 lnLithicis
725 2087 870 2180 Orpheo
884 2089 1015 2160 tributis
1031 2091 1209 2186 legebatur

102 2217 124 2265 o
206 2218 230 2263 ι

152 2344 246 2443 αἶψα
268 2340 339 2445 yda
366 2339 492 2444 ἡρώων
517 2371 604 2439 σφιν
627 2346 816 2441 ἐπέρχεται
844 2341 937 2426 εἶδος
958 2339 1119 2443 oiyaodr,

152 2458 231 2524 οἵτε
256 2450 351 2523 θεοῦ
371 2451 465 2542 μέγα
495 2449 612 2544 δοῖρον
637 2449 882 2540 ἐπισταμένως
905 2451 1099 2546 φορέουσι.

65 2604 195 2786 ‘De
170 2602 223 2673 his
243 2603 391 2673 versibus
408 2603 456 2672 sic
473 2602 621 2694 scripsit:
644 2649 666 2687 ‚‚
678 2600 915 2670 Hermannus
931 2624 1050 2694 nuper
1067 2602 1205 2673 edidit:

153 2763 195 2830 οἵ
218 2783 257 2830 us
276 2757 371 2830 θεοο
395 2758 489 2848 μέγα
512 2755 674 2849 δῶρον’
656 2756 901 2846 επιστοιμένωι
928 2758 1119 2850 φορέοισιι.

99 2906 181 2978 Sed
205 2931 319 3000 neque
344 2915 442 2997 οἵτε,
475 2930 589 2999 neque
619 2912 661 2978 οἵ
682 2933 720 2978 ιε
737 2906 930 3027 patitur
920 2933 945 2978 a
972 2909 1061 2979 sede
1085 2911 1204 2979 nomi-

96 3012 171 3098 nis,
198 3013 252 3082 ad
273 3014 372 3105 quod
386 3009 568 3105 refertar,
595 3009 670 3080 sive
684 3032 848 3103 expressi
842 2992 974 3096 iltius,
1001 3035 1064 3082 seu
1076 3022 1118 3084 ut
1131 3014 1203 3102 hic,

97 3113 340 3206 ἐλλείποντος,
377 3124 454 3184 tam
483 3115 602 3208 longa
627 3113 903 3206 intercapedine
930 3114 1075 3185 dirimi.
1104 3120 1203 3210 qood

95 3218 214 3287 minus
246 3217 357 3288 etiam
390 3219 498 3298 ticet,
525 3241 556 3286 ει
549 3218 812 3310 praecedunt
832 3219 1071 3310 pronomina,
1107 3243 1201 3314 qua-

96 3321 150 3391 lia
177 3322 238 3390 hic
265 3319 406 3410 ου’τιὸι,
434 3321 520 3418 σφὶν
526 3376 540 3410 ,
564 3321 619 3389 od
638 3320 737 3391 idem
752 3344 880 3391 nomen
900 3321 1112 3417 reserenda.
1150 3324 1202 3394 Id

97 3424 283 3494 Gesnerus
307 3425 455 3494 videtur
474 3424 649 3515 sensisse,
681 3431 758 3499 οἵτε
783 3435 929 3497 vertens
955 3436 989 3495 et
1004 3426 1051 3497 hi.
1089 3425 1201 3498 Scri-

95 3526 253 3598 bendum
273 3529 459 3598 lenissima
483 3529 703 3599 mutatione:

146 3683 183 3752 εἴ
203 3708 244 3773 γε
269 3682 362 3754 θεοῦ
386 3684 480 3776 μέγα
507 3680 623 3777 δοῖροι
650 3683 896 3773 ἐπισταμένως
921 3681 1108 3777 φορέουσι.

93 3830 254 3925 Saepius
280 3831 435 3926 confusa
457 3836 491 3906 εἰ
515 3841 550 3901 et
577 3840 651 3906 οἱ.“
688 3833 785 3900 Haec
813 3831 896 3900 mihi
923 3855 965 3900 ex
987 3834 1077 3901 omni
1098 3846 1200 3927 parte

91 3961 113 4005 a
134 3960 214 4005 vero
241 3936 425 4006 abhorrere
439 3936 648 4007 videbantur.
700 3938 789 4005 Nam
813 3942 889 4009 οἵτε
912 3945 946 4003 et
968 3942 1008 4008 οἵ
1029 3965 1067 4011 ιε
1094 3961 1200 4028 quam
1271 4006 1273 4012 ,
