2842 4920
249 287 253 293 ’
391 300 646 396 οΕΜοΝονοο
666 333 889 410 vrnrvsovn
907 331 955 399 tv.
1035 382 1038 387 .
1162 339 1229 405 aro

116 535 205 612 tare,
239 518 288 596 ἵν’
308 532 421 592 autem
457 524 678 593 confidentius
703 526 893 616 positurum
919 525 1043 613 fnisse,
1080 526 1227 599 sirecte

115 637 333 721 perspectam
357 627 529 695 habuisset
554 629 620 696 loci
646 624 733 698 illius
749 630 931 715 rationem,
956 629 1109 701 arbitror.
1153 631 1227 701 Sed

113 732 150 799 id
176 733 257 800 alibi
285 731 474 835 explicabo.
533 731 573 799 ln
599 733 686 824 epici
712 756 794 802 vero
818 741 943 825 poetae
975 756 1084 821 versu,
1120 733 1224 824 (Ho-

113 835 198 902 meri
224 842 338 902 autcm
365 835 457 926 est,)
485 834 558 924 quis
584 858 655 903 non
680 837 810 924 statim,
847 837 906 926 qui
931 838 1079 927 aliquem
1103 838 1224 929 epico-

114 961 232 1006 comm
265 939 425 1007 sermonis
460 961 559 1007 usum
592 939 737 1029 habeat,
772 940 820 1009 sic
858 939 972 1009 videat
1007 938 1224 1012 scribendum
1366 958 1375 975 ⁸

113 1064 204 1111 esse:

583 1175 642 1253 ὅτ’
660 1176 829 1274 ipsimi
854 1178 948 1279 φωτὶ
972 1171 1144 1273 μα’χοιτο.

111 1334 227 1422 Atque
259 1331 298 1399 id
325 1331 479 1400 distincte
513 1333 675 1426 scriptum
706 1345 838 1427 prostat
869 1337 904 1403 in
935 1337 993 1404 illo
1024 1357 1125 1403 versu
1152 1357 1222 1404 nou

112 1438 221 1503 solum
242 1435 337 1526 apud
361 1435 577 1505 Aristotelem
598 1437 703 1510 Rhet.
730 1439 773 1508 ll.
798 1439 833 1509 9.
858 1448 892 1507 ct
916 1439 951 1506 in
971 1437 1059 1506 libro
1086 1438 1221 1508 devita

110 1538 272 1623 Homeri,
299 1539 357 1629 qui
375 1538 560 1609 Plutarcho
585 1541 813 1633 tribuebatm,
838 1567 875 1634 p.
894 1540 979 1609 211.
1007 1539 1063 1613 ed.
1085 1541 1219 1613 Ernest.

111 1641 172 1709 sed
197 1643 298 1709 etiam
323 1642 359 1709 in
384 1643 441 1710 illo
468 1630 544 1734 ipso
569 1644 744 1712 Plutarchi
768 1646 873 1734 libro,
899 1645 989 1713 unde
1016 1667 1095 1712 eum
1119 1644 1221 1713 affert

110 1744 330 1832 Schaeferus‚
371 1746 499 1835 aliquot
531 1748 664 1839 paginis
695 1756 790 1839 post,
825 1773 862 1840 p.
891 1746 952 1819 36.
981 1747 1025 1819 Α.
1061 1747 1131 1815 sive
1162 1748 1217 1816 ed.

108 1847 282 1939 Wyttenb.
305 1872 342 1939 p.
359 1848 445 1919 133.
496 1850 585 1917 Hinc
613 1874 689 1918 cum
714 1861 876 1943 recepto,
902 1853 953 1920 uti
978 1851 1137 1937 decebat,
1164 1846 1219 1923 ὅτ’

108 1952 245 2019 inscruit
269 1950 412 2019 Wolfius
438 1951 535 2024 lliad.
560 1949 728 2026 111513.
789 1955 954 2023 Videntur
979 1953 1066 2021 haec
1088 1953 1218 2046 fugisse

108 2054 331 2122 Schoeferum
366 2055 466 2121 etiam
498 2078 603 2143 quum
635 2058 681 2124 ad
711 2058 832 2149 poesin
865 2058 1060 2150 gnomicam
1092 2080 1129 2149 p.
1154 2053 1217 2126 91.

106 2180 246 2225 manens
274 2158 308 2224 in
342 2181 404 2224 sua
429 2160 609 2247 sententia,
638 2183 781 2250 meque,
813 2163 952 2253 opinor,
984 2161 1098 2228 dicens
1132 2159 1216 2229 scri-

106 2261 193 2351 psit:
217 2268 302 2329 sunt
329 2260 389 2352 qui
408 2260 634 2355 praefracte
658 2273 815 2357 negent3
849 2288 920 2356 quo
945 2265 1041 2349 iore,
1067 2263 1138 2356 ipsi
1162 2263 1218 2332 oi-

108 2364 253 2433 derint:
289 2371 323 2430 et
347 2386 447 2433 mox:
479 2388 576 2434 nono
611 2367 716 2436 addo
750 2390 798 2434 ex
824 2368 973 2437 Anthou.
1001 2365 1130 2435 Polat.
1158 2366 1215 2435 II.

100 2489 141 2560 p.
161 2466 249 2535 313.
276 2490 311 2534 n.
340 2464 402 2539 74.
435 2491 467 2536 v.
490 2466 527 2540 9.
563 2465 643 2549 ὅξος
664 2468 710 2541 οἷν
736 2462 884 2563 αἰτήσω.
947 2470 995 2537 at
1027 2468 1096 2535 hoc
1122 2469 1217 2558 quod

107 2571 202 2638 addit
228 2571 440 2660 exemplum,
467 2570 562 2658 quod
587 2570 688 2638 Lollii
713 2570 812 2638 Bassi
837 2580 905 2659 est,
926 2569 1061 2662 pridem
1087 2593 1155 2662 ego
1180 2571 1216 2639 iu

107 2673 337 2743 dissertatione
373 2673 419 2741 de
450 2676 642 2765 praeceptis
667 2672 882 2764 quibusdam
912 2673 1142 2743 Atticistarum
1176 2697 1215 2765 p.

107 2776 168 2844 lu.
204 2775 360 2867 (Opuso.
386 2778 454 2849 vol.
480 2777 506 2845 1.
539 2801 576 2869 p.
598 2776 697 2867 286)
732 2786 770 2845 ut
796 2787 1008 2870 corruptum,
1040 2798 1213 2845 unacum

106 2881 170 2948 alio
197 2879 377 2964 Palladae,
404 2880 512 2971 epigr.
540 2880 616 2949 137
620 2936 633 2971 ,
660 2880 697 2948 4.
722 2882 757 2948 in
782 2881 946 2949 Brunckii
971 2881 1071 2953 Anal.
1105 2880 1151 2952 Τ.
1168 2880 1212 2954 Il.

105 3007 140 3076 p.
165 2981 252 3050 436.
283 2983 553 3075 repudiaveram.
610 2985 649 3052 ln
674 2984 836 3052 Palladae
868 2984 1007 3074 quidem
1039 2983 1213 3078 epigram-

105 3095 195 3154 mate
220 3086 412 3154 Brunckius
439 3109 481 3155 cx
505 3087 659 3157 Planude
685 3087 846 3156 dederatz

206 3236 297 3338 μηδ’
311 3239 357 3314 ἂν
381 3234 610 3338 Ἰσοκράτους
633 3235 916 3340 ῥητορικώτερος
935 3236 968 3338 ἦ.

104 3395 177 3466 Sed
199 3396 310 3464 codex
331 3393 513 3464 Vaticanus
540 3395 734 3465 emendator

206 3546 294 3647 μηδ’
312 3546 373 3623 ὅτ’
390 3549 436 3624 ἄν
463 3542 696 3646 Ἰσοκράτους
719 3540 1002 3645 ῥητορικότορος
1025 3543 1056 3644 ἦ
1196 3572 1201 3581 “

34 3790 37 3797 ¹
102 3707 223 3796 ltaque
245 3705 290 3773 ad
317 3705 426 3773 solnm
455 3703 584 3773 redacti
605 3725 717 3772 sumus
745 3701 892 3769 Lollium
918 3700 1079 3786 Bassum,
1115 3700 1209 3768 cuius

102 3809 137 3877 in
169 3809 436 3901 epigrammate,
473 3807 568 3898 quod
601 3807 696 3899 apud
731 3803 941 3872 Brunckium
966 3825 1105 3871 numero
1137 3812 1209 3872 ter·
1358 3802 1361 3807 ’

102 3912 186 3981 tium
221 3920 273 3981 est
311 3911 354 3980 T.
380 3912 423 3984 ll.
466 3936 503 4003 p.
524 3908 602 3978 169
634 3933 710 3999 seq.
739 3909 900 4000 scriptum
928 3907 1012 3975 illud
1044 3907 1078 3975 in
1109 3929 1210 3975 anum

104 4016 258 4094 smdam‚
294 4037 383 4104 quae
421 4014 587 4104 quidquid
622 4011 816 4081 mandatum
852 4017 940 4079 esset
972 4020 1210 4104 exsequeretur

103 4118 369 4212 perversissime,
395 4118 481 4187 haec
506 4119 679 4211 leguntm:
