2842 4920
192 364 257 430 258
443 360 736 424 tacnsotsstttvtt
762 360 873 422 LIBER
896 361 1048 424 PRIMVS.

296 553 498 630 111.P..t
549 553 588 622 ln
602 551 655 621 his
670 552 781 621 verbis
796 552 950 645 Dionysii
962 576 999 645 p.
1014 550 1109 641 226,
1131 549 1167 620 λ.
1194 547 1301 648 ἀνδρὶ

198 653 242 756 δὴ
268 658 350 778 napi
372 651 497 750 λόγους
521 649 760 730 ἐσπουδακότι
785 683 844 727 και
863 651 1058 748 ου’μπαντοι
1080 648 1147 729 τόν
1164 655 1302 729 ἑαυτοῦ

196 765 281 858 βίον
297 754 556 835 όνατοθεικότι
573 753 721 840 τούτοις
740 761 872 854 πρέποι
894 759 940 831 ἄν
955 755 1061 853 οἶμαι
1083 765 1161 840 τοῖς
1172 751 1301 832 τοιού-

197 891 276 946 τοις
290 857 410 985 λόγοις
422 867 571 956 κοομιῖν
592 855 660 952 τήν
670 855 896 983 πανήγυριν,
924 863 1030 958 τέχνη
1046 855 1216 954 μετιόντι
1232 888 1301 934 τοι

198 961 326 1062 λόγον,
352 963 398 1047 οἱς
418 960 472 1063 μή
494 958 591 1038 κατοῖ
612 990 696 1046 τους
722 958 930 1045 notioris
892 992 948 1061 ειη
974 962 1077 1060 stirpi
1093 959 1300 1058 γινόμενος,

198 1071 345 1141 afferens
387 1091 429 1138 cx
461 1068 580 1137 codice
622 1061 832 1161 γενόμενος,
872 1072 1149 1160 ‚‚perparnm,“
1182 1067 1301 1156 inquit,

197 1176 397 1263 „interest‘
388 1177 409 1214 ‘⁶
468 1171 558 1239 Mihi
579 1180 751 1263 praestare
776 1170 902 1240 codicis
925 1172 1089 1263 scriptura
1110 1169 1302 1260 videbatur,

198 1279 294 1369 qnia,
319 1275 382 1344 nisi
406 1277 460 1369 εἴη
479 1267 672 1367 γενόμενος
694 1273 878 1365 scripsisset
892 1273 1302 1366 Dionysinmcriptnrus

197 1382 314 1450 fuisset
335 1379 495 1475 γε’νητοιι.
548 1377 662 1445 Hodie
684 1377 712 1445 si
733 1377 814 1445 mihi
830 1379 991 1446 sententia
1009 1377 1053 1446 de
1072 1375 1140 1444 hoc
1154 1377 1232 1444 loco
1246 1375 1303 1444 di-

197 1483 306 1553 cenda
329 1490 432 1568 esset,
464 1490 537 1548 tum
565 1480 649 1549 illud
677 1490 913 1573 argumentum
945 1481 1200 1573 impugnarem,
1232 1500 1302 1569 quo

198 1581 243 1712 δη
259 1531 517 1670 deterserint,
543 1607 632 1673 quae
649 1585 815 1676 particula
828 1583 884 1652 hic
903 1606 971 1652 non
984 1592 1099 1675 potest
1112 1583 1203 1668 ferri,
1228 1591 1302 1651 tum

197 1684 335 1783 λόγοις,
367 1687 461 1777 quod
483 1697 563 1779 post
590 1714 668 1767 τοις
696 1681 880 1766 τοιούτοις
904 1687 1045 1781 legitur,
1083 1695 1120 1754 ut
1138 1686 1301 1778 ineptum,

195 1792 440 1881 manifestoque
464 1813 506 1859 ex
531 1791 721 1885 interpretis
741 1790 956 1859 adnotatione
981 1799 1115 1929 natum,
1140 1789 1215 1857 tolli
1237 1787 1301 1858 de·

195 1897 278 1966 bere
293 1893 541 1964 contenderem.

148 2057 198 2126 la
300 2048 524 2123 lv.P..11
559 2049 701 2120 Luciani
715 2050 821 2119 verba
835 2050 958 2120 suntin
971 2048 1225 2120 Charidemos.
1238 2041 1300 2120 25.

199 2145 349 2226 atta
309 2180 347 2224 τι
360 2151 478 2225 ταῦτα
500 2151 666 2247 λόγον,
636 2181 686 2227 ιον
699 2180 743 2226 το
736 2147 890 2234 κόλλος
906 2155 1041 2234 τέλος
1023 2178 1142 2228 εστιν
1127 2207 1140 2244 ,
1160 2176 1218 2223 ιον
1231 2144 1300 2269 γοῖρ

199 2256 249 2335 εἰς
279 2253 404 2351 χρείαν
433 2280 568 2350 ηκομεν
596 2251 814 2348 ἀναγκαίοις,
858 2251 921 2329 οόκ
956 2255 1165 2348 ἐλλείπομεν
1195 2248 1302 2326 οὐδὲν

200 2354 357 2478 σπουδῆς
381 2358 430 2437 εἰς
458 2383 546 2431 οσον
574 2358 689 2440 ἔξεστι
720 2351 893 2432 κάλλιστα
918 2350 1215 2443 κατασκευάζειν
1249 2353 1303 2478 cpi

198 2487 241 2533 το
261 2485 330 2556 γοιρ
354 2459 525 2556 Μενέλεῳ
548 2457 593 2534 ori
611 2459 792 2534 τοιοῦτον
821 2463 968 2560 ἑμεληοι
996 2461 1060 2585 τῆς
1087 2458 1209 2558 χρείας
1228 2456 1302 2532 τόν

199 2564 329 2640 οἴκων,
362 2559 495 2655 ἢόοον
523 2557 608 2643 roric
628 2565 894 2656 εἰςεργομένοος
914 2558 1135 2684 ἐκπλήττειν.
1187 2561 1228 2630 ln
1250 2559 1301 2628 his

197 2664 403 2735 Schaeferns
419 2665 572 2734 deleto
550 2695 570 2762 ιγ
586 2667 685 2734 scribi
701 2663 830 2735 iubet*
808 2693 895 2739 οσον
911 2665 981 2738 τοῦ
996 2690 1082 2746 τους
1101 2663 1302 2758 εἰςιρχομλ-

197 2794 281 2849 νοος
293 2761 513 2856 ἐκπλήττειν.
565 2769 731 2838 Nimirum
745 2791 787 2837 ea
798 2776 926 2836 tantum
939 2766 1045 2836 verba
1059 2790 1146 2859 quae
1162 2767 1206 2835 de
1220 2765 1302 2835 Me-

197 2872 296 2939 nelao
322 2879 398 2937 sunt
421 2871 707 2959 consideraverat,
738 2894 826 2962 qnae
844 2873 916 2962 quis
939 2880 1043 2964 neget
1061 2872 1109 2940 sic
1130 2879 1169 2938 nt
1195 2869 1329 2938 corti-1

197 2974 248 3067 git
265 2982 345 3064 apte
360 2974 569 3042 enunciatam
585 2975 782 3044 sententiam
793 2975 987 3067 praebere?
1014 2974 1182 3044 Veram
1156 2997 1184 3042 ss
1197 2996 1303 3065 prae-

198 3076 352 3145 cedentia
376 3099 512 3166 quoque
534 3077 775 3171 respiciuntur,
802 3078 903 3171 (ideo
924 3100 966 3146 ea
983 3077 1154 3169 apposui)
1174 3074 1301 3167 aliquid

197 3180 459 3248 inconcinnitatis
474 3191 626 3274 apparet
677 3183 768 3251 Nam
784 3181 811 3248 si
824 3203 882 3268 ea,
905 3203 992 3271 quae
1007 3181 1051 3248 ad
1070 3203 1167 3249 usum
1180 3202 1302 3248 neces·

198 3284 285 3350 saria
300 3290 395 3366 sunt,
422 3292 460 3351 ut
475 3285 596 3376 pulcra
619 3285 684 3353 sint
709 3306 881 3373 curamus,
907 3293 1020 3352 manet
1040 3284 1114 3351 usui
1127 3304 1225 3350 suom
1237 3281 1301 3370 ius,

197 3394 235 3453 ut
249 3386 449 3458 necessario.
500 3387 555 3454 Ex
571 3410 640 3478 quo
654 3388 887 3478 consequitor,
913 3387 1013 3455 etiam
1029 3386 1087 3477 qui
1102 3385 1199 3454 unice
1211 3407 1301 3478 gau-

198 3487 278 3557 deat
296 3487 472 3579 splendida
491 3488 611 3578 domo,
637 3513 705 3558 non
722 3490 903 3559 dicendum
924 3512 997 3559 esse
1021 3512 1117 3557 usum
1134 3510 1203 3556 non
1216 3488 1301 3557 tanti

197 3591 314 3681 quanti
333 3591 565 3682 splendorem,
592 3593 654 3662 sed
677 3590 745 3661 non
770 3594 873 3686 pluris
895 3593 1018 3662 facere.
1078 3592 1175 3659 Haec
1197 3590 1302 3684 igitur

113 3746 117 3757 ,
196 3693 451 3781 inconcinnitas,
491 3696 520 3763 si
546 3695 750 3789 corrigenda
779 3705 889 3765 essent
914 3695 1036 3780 verba,
1070 3695 1188 3763 saltem
1211 3716 1301 3784 qno-

196 3791 580 3971 plnodoffiinterpretando
610 3801 777 3868 removeri
798 3808 929 3892 posset,
961 3797 1093 3868 videtur
1117 3796 1301 3866 ostenden-

222 3923 279 3968 nm
342 3925 406 3978 sse.

148 4138 150 4142 ‚
299 4051 340 4122 V.
393 4053 432 4122 P.
448 4051 509 4128 12.
535 4054 618 4125 ima:
650 4051 750 4142 „Sic
766 4051 869 4148 infra
879 4078 919 4147 p.
935 4048 1022 4124 254.
1041 4076 1073 4123 v.
1091 4049 1127 4120 4.
1154 4049 1213 4123 κοιλ
1232 4049 1302 4121 ab·

196 4154 316 4225 undat
342 4165 429 4225 ante
445 4150 546 4254 παρό
568 4156 727 4252 escorni:
751 4181 792 4250 p.
816 4156 905 4233 235.
929 4180 962 4227 ο.
984 4155 1020 4226 4.
1047 4163 1135 4225 ante
1158 4148 1302 4252 πατῆρι

190 4281 230 4350 p.
247 4255 382 4350 utto.
400 4257 461 4328 la.
480 4268 567 4348 ante
580 4254 654 4333 sind
670 4259 807 4334 dcciv-‘⁶
858 4261 906 4330 At
925 4259 1006 4328 nihil
1028 4281 1172 4350 usquam
1190 4257 1302 4326 abnn-

195 4360 295 4448 dare,
320 4363 409 4449 iure,
436 4370 474 4430 ut
494 4363 655 4451 arbitror,
684 4363 851 4437 contendi.
905 4364 994 4432 Nam
1012 4371 1070 4431 aut
1094 4369 1302 4454 potestatem
