2842 4920
471 474 480 492 .
529 371 616 437 LIB.
638 373 675 437 Il.
719 373 818 439 GAP.
843 379 892 444 13.
1206 379 1270 446 ltu

112 527 113 530 A
157 567 295 654 mirum,
320 586 362 636 ac
383 561 498 657 potlus
522 563 732 654 incredrlrile,
765 566 860 656 quod
879 565 1008 661 placuit
1029 556 1289 661 grammaticis,

158 670 385 764 signilicarc⁰
365 693 426 741 ινα
443 667 556 737 ctiam
563 665 636 737 toz·
626 692 661 737 m
676 669 740 740 illis
754 669 884 741 Iliadae
886 667 998 741 ..126

204 817 323 897 dit·
303 839 427 913 ιομεν
452 817 591 902 κεένους
605 819 643 894 δέ
661 816 891 918 κιχησόμεθα
907 848 978 919 προ
970 790 1146 896 πολέων

204 932 244 1002 ἐν
261 918 478 1024 poidaooo'·
506 928 568 996 ἵνα
582 949 653 1019 γαρ
671 949 758 1021 σφιν
772 926 978 1022 ἐπέφραδον
990 921 1215 1024 ἡμερέεοθαι
1342 942 1354 957 ’

156 1078 261 1166 Quod
281 1062 418 1147 unicum
436 1081 489 1144 est
506 1073 605 1144 huius
628 1076 832 1167 significatus
848 1078 1065 1170 exemplum,
1091 1079 1153 1148 scd
1172 1079 1267 1168 illud,

155 1192 191 1251 ut
209 1203 279 1274 ego
292 1180 431 1272 quidem
447 1178 610 1265 existimo,
635 1186 768 1248 vetusto
784 1204 898 1251 errore
912 1181 1144 1273 depravatum.
1182 1183 1266 1266 Quis

155 1286 261 1375 enim,
288 1285 347 1381 qui
369 1282 541 1375 cognitam
558 1279 685 1350 haheat
706 1284 879 1374 epicorum
904 1283 1104 1371 dictionem,
1131 1285 1266 1355 dubita-

155 1390 213 1475 bit,
240 1388 323 1559 (prin
345 1395 453 1480 poeta
466 1384 597 1470 dixerit,
623 1390 683 1457 ἵνα
704 1386 772 1481 πέρ
798 1413 885 1484 σφιν
902 1388 1107 1486 ἐπέφραδον
1123 1383 1265 1486 ἠγερεέ-

156 1499 246 1565 σθαι

255 1643 309 1712 Ac
317 1634 581 1712 uescioauhaud
588 1639 698 1709 minor
707 1640 1016 1734 perversitasinillo
1025 1641 1076 1724 sit,
1091 1641 1131 1709 Il.
1140 1636 1264 1739 4352.

484 1791 539 1889 τῷ
556 1790 602 1867 οὔ
614 1787 660 1868 νύ
674 1821 712 1867 τι
725 1793 867 1916 κέρδιον
882 1791 970 1887 ἡμῖν

205 1900 364 1991 ἔλπομαι
378 1896 629 1986 ἐκτελέεσθαι,
656 1903 716 1971 ἵνα
729 1922 781 1989 μη
799 1897 949 1994 ῥέξομεν
965 1892 1033 1973 ὦδε
1041 1952 1055 1987 ,

155 2053 213 2123 ubi
227 2058 289 2126 ἵνα
303 2052 493 2145 significare
502 2038 701 2123 volunta'c'u.
729 2049 834 2136 Quod
844 2051 906 2118 etsi
919 2050 993 2120 lieri
999 2051 1123 2143 potuit,
1141 2051 1265 2122 licebat

154 2159 241 2227 enim
258 2156 325 2222 dici
335 2153 447 2229 ὅπουι
470 2163 585 2223 tamen
603 2154 747 2246 propter
763 2153 898 2222 finalem
914 2162 1138 2248 potestatem,
1161 2178 1265 2246 quam

153 2267 212 2333 ἵνα
239 2281 317 2326 cum
342 2258 552 2326 coniunctivo
575 2255 704 2326 habere
726 2257 828 2345 solet,
854 2257 954 2327 valde
979 2259 1177 2352 ambiguum
1204 2269 1263 2330 est.

152 2363 194 2431 El
217 2364 269 2431 rei
294 2361 471 2454 prospexit
489 2358 721 2449 Aristarchus,
755 2361 812 2448 qui
841 2355 891 2431 ἵν’
913 2358 959 2434 οἷν
983 2361 1131 2454 scripsit,
1164 2386 1263 2431 versu

152 2489 229 2535 cum
246 2466 317 2534 aliis
330 2464 555 2558 grammaticis
568 2470 714 2555 propter
734 2463 943 2529 insolentiam
958 2461 1109 2532 dictionis
1125 2464 1262 2531 damna-

151 2579 203 2658 to,
230 2577 271 2636 ut
287 2568 394 2637 schol.
418 2566 505 2635 ch.
528 2575 562 2634 et
585 2567 672 2635 vict.
686 2587 741 2656 ap.
764 2565 878 2655 Heyn.
900 2564 967 2635 vol
983 2564 1024 2633 V.
1049 2588 1085 2656 p.
1102 2563 1188 2652 ³124,
1208 2576 1262 2634 tc-

152 2681 290 2746 stantur.
340 2672 416 2738 Nec
430 2670 563 2738 videtur
577 2669 636 2738 ille
651 2677 779 2737 temere
792 2674 849 2734 aut
863 2667 933 2735 sine
949 2668 1112 2760 exemplis
1130 2669 1177 2737 ita
1193 2679 1262 2737 sta-

151 2777 262 2845 tuisse.
303 2773 405 2843 Certe
421 2774 514 2862 quod
536 2773 632 2841 estin
647 2770 846 2841 Archilochi
857 2770 1049 2862 fragmento
1069 2772 1163 2866 apud
1178 2773 1261 2842 Sto·
1376 2854 1378 2857 ¹

151 2879 276 2949 haeum
293 2877 366 2948 CX.
381 2875 483 2946 10.
456 2898 574 2971 srvep.
591 2874 677 2943 1⁰⁰.
696 2874 751 2946 cd.
768 2898 833 2944 sec.
846 2874 1002 2964 Liebclii,
1255 2893 1257 2899 ’

482 3010 605 3110 μηδειε
621 3005 681 3083 ἐθ
697 3006 798 3099 υμοέν
813 3009 957 3103 εἰςοροῖν
975 3009 1214 3100 θαυμαζέτω,

201 3114 331 3293 μηδλ
311 3144 371 3192 ινα
387 3119 530 3212 δελφῖοι
548 3112 659 3209 θῆρες
676 3106 977 3205 οἷνναμειψωνται
991 3135 1107 3201 νομον

201 3249 267 3299 ενα
291 3247 370 3310 ιον,

150 3357 184 3424 in
206 3378 250 3425 eo
271 3351 467 3425 videturffl
418 3383 453 3429 ιν
490 3382 536 3428 αν
557 3355 669 3449 potius
690 3350 905 3421 scribendum
931 3373 1015 3438 esse,
1044 3370 1146 3440 quam
1167 3348 1261 3439 qood

151 3459 377 3528 Valckenario
396 3459 442 3526 ad
463 3458 593 3526 Phoen.
616 3454 727 3525 1448.
748 3455 892 3547 placuit,
926 3449 1001 3528 ἐοὲν.
1053 3452 1159 3545 Apud
1179 3452 1259 3521 Ari-

151 3561 354 3655 stophanem
366 3564 453 3631 Rau.
469 3559 553 3632 175.
567 3560 691 3653 vulgo,

200 3713 404 3807 ἐπίμεινον,
429 3744 456 3788 ω
444 3708 634 3809 δαιμόνι’
643 3761 654 3801 ,
681 3704 744 3785 ἐαν
758 3709 883 3804 ξυμβω
896 3707 934 3784 τέ
949 3734 1016 3783 σοι

151 3868 412 3940 Scholiastes.'
394 3896 458 3943 εαν
471 3868 596 3962 ξυμβῶ
608 3893 678 3940 σοι
699 3891 878 3984 μραφεται
892 3863 930 3937 δέ
943 3889 1001 3934 και
1014 3867 1084 3933 ἵνα,
1100 3868 1160 3935 ἵνα
1170 3869 1258 3956 ξυμ·

150 3967 304 4070 φωνήσει
324 3999 395 4045 σοι.
419 3973 541 4064 ἔλεγον
562 3963 663 4047 δέ
617 3997 662 4043 το
678 3976 751 4043 ἴνα
770 3963 852 4041 αντὶ
868 3963 937 4037 τοῦ
950 3958 1038 4038 ἐαν.
1060 3964 1122 4036 και
1130 3963 1253 4063 Ὄμη-

151 4094 229 4169 ρος
278 4083 354 4147 ἵνα
380 4101 438 4170 μη
472 4074 672 4195 ῥέξομεν
706 4067 797 4143 ωδε.
846 4068 899 4136 lta
927 4067 1151 4136 scribendum.
1201 4069 1264 4157 Ac

150 4178 306 4270 legitur‘'
286 4206 346 4250 ινα
363 4176 514 4272 ξυμβω
505 4199 540 4244 m
556 4175 656 4246 codd.
676 4171 922 4263 quibusdam,
913 4193 948 4237 ru
961 4171 1082 4261 quihus
1097 4171 1255 4239 ossella-

151 4304 275 4350 vcnnas
292 4280 424 4367 dicitur,
451 4280 662 4370 etqutym.
677 4277 727 4348 M.
740 4301 777 4368 p.
792 4275 877 4361 734,
900 4273 959 4341 3⁰
1012 4269 1149 4342 sed‘*
1101 4301 1135 4344 ιν
1164 4271 1255 4342 ανίιι
1294 4320 1301 4351 ,

104 4459 110 4475 ,
150 4392 242 4453 textu
260 4383 488 4489 Baroccianus
503 4389 538 4453 ct
554 4384 711 4469 Venetus,
737 4380 882 4472 optimus
896 4376 1012 4446 codex
1048 4375 1105 4444 Ad
1120 4395 1254 4469 sensum
1319 4390 1322 4395 ·
