2842 4920
526 373 610 437 ΗΒ.
633 373 686 436 ill.
733 375 831 436 CAP.
853 379 884 442 4.
1209 386 1273 448 llo

162 565 236 633 Neo
248 561 339 659 δοκῇ
349 562 543 655 scripserim
557 586 635 634 cum
657 564 699 634 u.
722 564 900 634 Dindorlio
915 567 950 634 in
968 566 1118 635 eiusdem
1136 568 1213 637 iibri
1227 570 1269 639 ll.

164 663 268 736 ll.
243 692 340 746 οπως
354 667 393 738 δὲ
405 663 498 764 μήδ
511 670 579 740 οἷο
571 662 825 796 παιδονόμος
843 665 1059 754 ἀπέλθοι,
1037 670 1169 793 ερημολ
1180 699 1272 745 ποτε

163 795 195 841 οι
188 765 389 848 Ηπαῖδες
353 795 427 841 acer
447 766 642 866 ἄρχοντος,
655 770 822 899 {coique
844 765 911 844 τόν
935 768 993 842 ἀεὶ
1011 767 1179 899 παρόντα
1197 775 1271 848 τάν

116 963 118 969 Ι
161 871 321 944 πολιτάν
340 865 470 968 νόριον
493 868 662 945 εἶναικαὶ
679 868 890 948 ἐπιτάττειν
904 879 980 955 τοῖς
994 874 1117 989 παισὶν
1134 873 1157 948 6
1171 905 1209 949 τι
1225 876 1271 950 ἀν

161 968 306 1067 ἀγαθόν
324 971 497 1070 δοκοίη
461 1002 566 1047 ειναι

263 1078 388 1144 Parum
403 1076 504 1145 docta
521 1087 572 1146 est
587 1078 744 1147 Thomas
757 1077 810 1152 M.
822 1078 993 1148 adnotatio
1010 1103 1053 1210 p.
1066 1078 1152 1152 267.
1171 1110 1214 1154 το
1207 1076 1268 1156 δὲ

160 1175 243 1268 ε’ἀν,
270 1172 317 1250 τό
331 1178 398 1269 ἀν,
419 1173 467 1253 τό
483 1179 565 1304 κάν,
592 1175 639 1253 τό
656 1180 711 1279 ἤν,
736 1182 796 1254 καὶ
819 1176 865 1254 τό
882 1179 973 1255 ὅταν
996 1182 1053 1256 ἀεὶ
1069 1177 1166 1275 μετά
1180 1182 1268 1258 ἀπο-

159 1274 451 1378 ταντικοόπαρά
468 1288 544 1364 τοῖς
566 1280 852 1411 ἀκριβεστάτοις.
881 1289 917 1357 εἰ
938 1279 1013 1414 γάρ
1035 1286 1094 1358 καὶ
1123 1284 1267 1383 εὕρηται

159 1383 254 1466 απαξ
261 1411 362 1479 παρα
357 1379 604 1506 606666666’
587 1414 624 1459 εν
634 1386 680 1482 τῇ
689 1387 808 1483 τρίτῃ,
825 1415 918 1484 ηντε
926 1417 983 1459 ναι
993 1390 1134 1478 εχοντες
1142 1417 1178 1461 τι
1187 1399 1267 1484 ξυμ

157 1482 296 1582 γνάμης
310 1483 393 1571 εἷεν,
420 1486 479 1560 καὶ
470 1514 591 1613 παρα
583 1482 833 1583 onmoev6
814 1516 853 1563 εν
867 1496 942 1569 τοῖς
956 1486 1078 1587 Λληθ
1096 1497 1179 1576 νοῖς,
1203 1487 1267 1566 ἑάν

157 1588 480 1685 ιιαταχθείημεν’
444 1619 493 1671 εις
506 1584 571 1670 τάς
585 1585 727 1686 νήσους,
755 1619 814 1663 ναι
807 1588 962 1672 αυθις
945 1620 982 1665 εν
996 1621 1047 1687 τῳ
1034 1520 1244 1665 662ss
1168 1593 1267 1713 πρά-

158 1719 243 1782 σοις,
270 1692 330 1764 καὶ
341 1693 461 1816 ταήτα
475 1691 518 1782 ἢν
530 1687 736 1790 ἐθελήσειεν
751 1689 1015 1767 ἀποδόσθαι
973 1694 1110 1779 ουτοσί,
1125 1692 1206 1768 ἀλλ’
1223 1693 1267 1768 οά

157 1799 211 1869 δεῖ
218 1794 344 1892 ζηλοῦν
356 1823 400 1868 το
392 1784 513 1877 ἀπαξ
524 1799 648 1894 ῥηθέν
684 1798 795 1865 Nam
786 1820 820 1864 ur
832 1798 1020 1889 posteriore
1033 1798 1175 1866 Luciani
1190 1798 1268 1866 loco

157 1898 322 1990 corruptis
340 1897 434 1966 libris
458 1922 538 1967 usus
560 1909 619 1968 est.
670 1901 781 1968 Recte
797 1901 920 1992 legitur
936 1900 1070 1969 hodie
1062 1924 1096 1968 ur
1115 1901 1267 1969 vitarum

156 1997 1267 2128 οοολίοηοο.11.Τ.Ι.Ρ.551.ναότηςδανισωςηνηπω-

157 2099 216 2201 ράς
231 2109 269 2178 ἐν
276 2103 400 2232 καιρῷ
414 2105 553 2196 γε’νοιο·
584 2105 643 2176 καὶ
659 2106 791 2190 ταῦτα,
817 2104 861 2200 ήν
879 2107 986 2202 ἐθέλῃ
999 2132 1039 2180 οε
1055 2101 1266 2179 ἀποδόσθαι
1291 2123 1297 2134 ·

157 2205 283 2279 ου’τοσὶ
311 2200 358 2279 τό
378 2207 553 2299 με’γιστον
576 2202 636 2281 δό
657 2204 806 2301 ὀβολοῖν.
858 2209 897 2276 ln
919 2210 1024 2278 altero
1046 2218 1159 2277 autem
1177 2210 1265 2297 loco,

154 2310 264 2377 Verae
280 2310 355 2378 hist.
374 2309 418 2381 II.
435 2308 495 2378 29.
523 2313 584 2380 etsi
598 2310 703 2379 hodie
720 2313 884 2401 scriptum
898 2309 1117 2380 videmus*
1067 2341 1101 2385 ιν
1133 2316 1165 2384 εἰ
1171 2368 1185 2401 ,
1212 2322 1265 2381 ta—

155 2437 231 2481 men
247 2422 339 2480 recte
357 2436 394 2480 se
417 2412 538 2500 habet,
566 2414 661 2504 quod
682 2414 849 2505 praebent
872 2414 973 2482 codd.
998 2415 1095 2486 Gorl.
1121 2425 1155 2482 et
1174 2416 1264 2506 Aug.

155 2513 203 2588 ἵν
220 2509 297 2604 ἑάν,
325 2517 524 2584 conveniens
540 2517 683 2584 orationi
698 2517 866 2606 obliquae.
919 2518 1034 2587 Verba
1049 2525 1141 2585 sunt:
1163 2519 1264 2590 συνέ-

154 2639 292 2748 πεμψε
299 2621 342 2692 δέ
360 2645 428 2713 μοι
447 2647 466 2690 o
459 2612 745 2712 ’Ῥαδάμανθυς
767 2613 834 2691 τόν
855 2620 1028 2716 πορθμέα
1056 2612 1262 2708 Ναόπλιον,

154 2717 203 2792 ἵν
210 2769 221 2802 ‚
249 2715 313 2794 ε’ἀν
330 2722 641 2820 υαταχθείρμυν
624 2750 658 2802 ες
674 2716 740 2803 τάς
756 2715 902 2821 νήσους
929 2719 1094 2821 μηδεὶς
1072 2720 1165 2818 ημάς
1183 2727 1263 2796 ουλ-

153 2817 272 2918 λάβοο
325 2825 405 2909 Quo
430 2833 534 2916 pacto
553 2826 646 2893 idem
668 2827 827 2915 loquutus
853 2827 957 2893 cst1n
978 2827 1124 2894 Timone
1149 2849 1178 2893 o
1201 2824 1261 2893 39.

153 2926 197 3000 Τ.
212 2927 287 3018 lp
304 2924 390 3000 151.
416 2927 455 2998 τί
474 2922 544 3022 γάρ
564 2928 609 3001 ἀν
632 2928 690 3000 ναὶ
715 2922 834 3000 παθοι
849 2955 923 3017 τις,
952 2922 1092 3000 ὁπόταν
1123 2934 1159 3001 οἱ
1180 2927 1264 3002 θοοὶ

150 3022 362 3122 βεάζοιντο,·
354 3029 501 3099 ·Maior
520 3041 571 3097 est
594 3029 638 3097 de
656 3028 870 3119 Thucydidis
892 3031 969 3096 loco
992 3030 1051 3102 llI.
1073 3029 1133 3097 44.
1161 3031 1259 3098 dubi·

152 3133 250 3202 tatio:
278 3131 322 3254 τήν
340 3161 380 3206 τε
402 3126 472 3261 μάρ
490 3126 665 3228 ἀποφήνω
683 3125 778 3204 πάνυ
801 3127 1015 3214 ἀδικοῦντας
1035 3124 1188 3219 αὐτούς,
1216 3129 1260 3203 06

153 3229 216 3308 διά
232 3235 346 3308 τοῦτο
363 3235 422 3306 καὶ
439 3231 650 3309 ἀποκτεῖναι
667 3226 838 3317 υελεόσω,
867 3235 901 3305 εἰ
893 3225 974 3356 υμή
991 3232 1190 3354 ξυμφέρον
1216 3231 1260 3353 66

151 3365 194 3410 το
208 3337 268 3409 καὶ
283 3340 425 3428 εχσντες
435 3365 473 3410 τι
487 3333 739 3436 ξυγγνώμης
705 3366 790 3425 ειεν,
815 3339 850 3409 εἰ
863 3365 906 3432 τη
893 3329 1027 3408 πόλει
1043 3362 1095 3462 μή
1088 3329 1260 3429 ἀγαθόν

152 3440 334 3536 φαίνοιτο.
375 3441 543 3525 Quattuor
557 3442 603 3509 ibi
618 3441 718 3509 codd.
733 3439 828 3532 apud
841 3412 1090 3507 Be'kkerum’'
1054 3466 1145 3530 ειτε,
1172 3463 1259 3530 quae
1283 3490 1285 3495 -

151 3542 283 3610 videtur
297 3545 595 3636 grammaticorum
615 3544 778 3613 eorrectio
801 3566 882 3613 esse.
933 3542 1112 3610 Tractatus
1134 3550 1185 3610 est
1202 3543 1259 3610 hio

148 3645 244 3714 locus
266 3669 287 3714 a
305 3649 427 3734 multis,
455 3670 543 3715 ame
558 3649 633 3739 ipso
653 3647 698 3715 ad
712 3647 828 3738 Vigor.
843 3669 878 3737 p.
902 3644 989 3713 822.
1022 3646 1154 3733 Neque,
1181 3646 1257 3735 opi-

148 3771 230 3838 nor,
258 3748 428 3819 debebam
444 3752 488 3818 ab
511 3751 673 3819 sententia
694 3750 741 3817 ibi
755 3749 933 3840 proposita
950 3747 1111 3816 recedere
1125 3748 1159 3814 in
1179 3746 1256 3815 diss.
1333 3814 1337 3839 ,

150 3851 194 3920 de
223 3856 416 3945 praeceptis
439 3854 641 3943 quibusdam
665 3853 893 3923 Atticistarum
915 3875 951 3943 p.
980 3847 1038 3917 16.
1090 3850 1183 3917 Nihil
1206 3859 1257 3918 est

150 3956 259 4043 euim,
286 3957 381 4046 quod
403 3956 688 4026 accommodatius
717 3956 764 4022 illi
788 3956 865 4023 loco
887 3954 945 4040 sit,
977 3974 1078 4043 quam
1099 3949 1170 4025 εἷεν
1190 3977 1255 4045 pro

150 4058 293 4150 apodosi
308 4084 399 4145 esse,
425 4069 463 4129 ut
481 4060 526 4128 ad
544 4061 685 4148 ἔχοντες
700 4081 741 4126 ex
756 4055 1037 4149 praecedentibus
1053 4056 1256 4148 intelligatur

150 4156 332 4234 ἀδικάσιν.
382 4164 435 4233 De
458 4159 529 4236 εἷεν
551 4162 629 4231 vide
651 4161 802 4230 Bekkeri
824 4158 953 4229 Anecd.
977 4183 1012 4251 p.
1035 4157 1121 4246 243,
1142 4158 1200 4228 24.
1223 4168 1256 4228 et

149 4264 282 4334 Timaei
305 4266 388 4334 Lex.
413 4267 498 4335 Plat.
528 4290 562 4358 p.
587 4264 647 4333 94.
699 4266 739 4333 ln
759 4272 879 4331 octavo
901 4271 1012 4331 autem
1034 4263 1120 4331 libro
1141 4285 1171 4328 c.
1194 4261 1253 4335 2λ.

149 4390 254 4456 quum
267 4369 372 4462 vulgo
387 4372 538 4464 legatur,
565 4365 610 4450 ἀς
628 4361 784 4460 τάχιοτα
799 4366 837 4440 δὲ
852 4366 987 4441 εὐελευε
1012 4405 1056 4417 -·
1080 4360 1254 4440 ἀποπλεῖν
