2842 4920
218 333 286 399 aas
319 418 325 427 ι
349 325 408 393 oa
429 324 667 393 ausonam
690 323 984 391 raousrnao
1005 302 1193 391 sorano

220 521 293 591 lam
316 519 456 605 mirum,
487 540 529 586 ac
544 516 657 611 potins
673 515 839 587 absonum
855 540 929 588 esse
944 517 1076 600 dcent,
1102 543 1179 590 eam
1193 543 1328 615 rapam,

219 625 255 696 h
272 646 342 715 qua
354 621 518 693 haerebat
532 619 773 710 Prometheus,
798 621 834 690 in
846 623 1004 714 proxima
1019 622 1134 693 uuna
1150 647 1170 694 e
1183 624 1329 718 Scythia

219 727 255 798 in
271 725 463 798 Caucasum
476 747 549 795 esse
564 723 776 793 translatams
802 735 1022 817 quapropter,
1040 748 1146 816 quum
1159 727 1194 796 in
1205 729 1329 800 Soluto

220 829 427 901 Prometheo
445 826 591 912 dubitari
607 826 651 896 de
670 825 826 896 Caucaso
839 850 909 896 non
920 839 1053 921 posset,
1077 833 1328 922 perversasiu-

221 933 478 1027 terpretationes
505 931 541 998 in
570 930 692 998 vincto
714 931 920 1001 invenerunt
973 932 1050 1000 Stat
1069 955 1151 1001 vero
1180 958 1245 1003 nec
1267 959 1327 1006 rc-

221 1036 349 1106 moveri
369 1043 483 1127 potest
500 1034 557 1100 illa
574 1032 807 1124 discrepantia.
861 1033 1009 1118 Quodsi
1030 1037 1229 1106 coniunctae
1249 1038 1329 1109 fne-

221 1148 298 1209 runt
312 1139 379 1208 hae
393 1135 603 1230 tragoediae,
628 1133 710 1205 nibil
724 1135 932 1226 relinquitur,
958 1136 1019 1207 nisi
1033 1147 1071 1206 ut
1085 1159 1218 1232 rupem,
1239 1164 1329 1231 qaae

222 1241 354 1314 deiecta
374 1243 409 1310 in
434 1249 597 1309 tartarum
622 1238 751 1322 fuerat,
776 1239 843 1307 alio
866 1240 943 1307 loco
967 1242 1142 1325 emersisse
1166 1242 1328 1315 dicamus.

57 1365 61 1374 ·
144 1375 145 1379 ¹
221 1344 286 1414 Est
302 1344 340 1414 id
357 1366 439 1413 sane
455 1342 594 1412 mirum:
620 1339 681 1410 sed
701 1343 728 1409 si
742 1340 940 1412 mutandum
953 1366 1027 1416 esse
1041 1344 1153 1414 locum
1170 1346 1329 1419 indicavit
1359 1356 1367 1369 ’

173 1446 344 1541 lgpoeta,
367 1469 435 1515 non
457 1447 527 1514 sine
551 1467 669 1513 caussa
689 1445 787 1514 fecit:
814 1468 892 1513 nam
915 1445 951 1514 in
977 1446 1130 1516 Caucaso
1148 1449 1330 1520 liberatum

223 1573 298 1620 esse
321 1549 565 1619 Prometheum
591 1547 683 1616 lama
709 1547 858 1617 ferebat:
892 1558 927 1618 et
953 1549 1036 1618 dixit
1058 1550 1200 1622 fortasse
1227 1555 1330 1624 etiarn

221 1652 348 1744 aliquid
365 1652 410 1721 de
435 1675 477 1724 ea
488 1674 539 1726 re.
565 1649 736 1743 Expedita
749 1673 832 1720 vero
848 1661 924 1721 sunt
940 1653 1062 1738 omnia,
1087 1654 1115 1723 si
1129 1658 1330 1750 tragoediae

219 1757 299 1827 illae
324 1755 461 1824 diversis
485 1764 564 1824 sunt
588 1753 797 1845 temporibus
818 1755 972 1847 scriptae
1025 1756 1202 1828 Disiunctis
1225 1761 1330 1846 enirn,

221 1881 332 1950 neque
347 1858 504 1927 obstabat
522 1856 718 1948 quidquam,
744 1879 814 1947 quo
829 1857 937 1927 minus
952 1868 1057 1951 poeta
1072 1859 1106 1929 in
1121 1863 1330 1934 Prometheo

221 1961 342 2033 Soluto
357 1969 553 2050 sequeretur
568 1959 663 2050 quod
681 1959 805 2029 caeteri
821 1958 1052 2046 tradidissent3
1076 1963 1112 2030 in
1127 1965 1251 2036 Vincto
1265 1990 1331 2036 au·

220 2077 291 2135 tem
304 2065 482 2152 inveniret,
509 2062 602 2153 quod
621 2061 752 2132 Oceani
770 2063 959 2133 numinibus
976 2065 1179 2137 advocanda
1192 2069 1330 2140 videre-

220 2179 276 2239 tur
290 2166 585 2236 accommodatius.
613 2165 719 2250 Quod
735 2167 763 2233 si
776 2167 911 2258 longius
926 2168 1091 2260 progredi
1107 2172 1331 2244 coniectando

105 2275 125 2303 “
220 2270 315 2355 lieet,
348 2277 506 2361 tempore
534 2267 628 2358 prior
648 2266 757 2335 lactus
786 2290 862 2336 esse
889 2269 1027 2339 Solutus
1057 2272 1166 2342 rideri
1194 2277 1331 2368 poterit.

221 2373 338 2460 Quum
351 2372 461 2457 enim,
488 2372 546 2460 qui
560 2370 673 2462 primo
688 2371 825 2459 aliquod
849 2382 1087 2466 argumentum
1106 2386 1248 2458 tractat,
1274 2378 1331 2450 l'a-

222 2476 315 2545 cilius
334 2476 369 2543 in
394 2473 570 2543 communi
584 2473 677 2542 fama
703 2473 912 2563 acquiescat,
944 2498 1056 2566 neque
1078 2479 1141 2549 erit
1167 2482 1263 2571 quod
1285 2483 1332 2555 de

221 2578 364 2671 Scythia
387 2600 464 2646 cunr
487 2577 641 2646 Caucaso
665 2586 868 2646 commutata
885 2601 1084 2667 queramur,
1110 2606 1174 2652 nec
1190 2595 1330 2679 pertur-

220 2683 377 2752 babimnr
400 2682 463 2750 illis
484 2680 621 2773 triginta
641 2702 807 2748 annorum
833 2682 995 2771 millibus,
1028 2694 1066 2751 nt
1085 2685 1204 2776 positis
1223 2712 1331 2780 quum

219 2784 371 2857 nondum
391 2783 436 2851 de
459 2782 576 2852 Inachi
594 2781 663 2851 lilia
686 2781 732 2851 ad
752 2783 994 2855 Prometheum
1016 2784 1219 2861 adducenda
1242 2802 1331 2864 esset

221 2910 264 2958 co
289 2888 416 2959 'tatum

263 2911 300 2982 8¹
322 2987 482 3083 Opposui
498 2985 607 3056 dubiis
626 2985 740 3076 dubia,
765 2988 899 3058 incertis
913 2990 1052 3080 incerta,
1077 3016 1146 3064 non
1161 2994 1230 3066 alio
1246 3020 1330 3069 con-

220 3092 311 3179 silio,
337 3115 439 3185 quam
461 3114 505 3160 ne
522 3100 649 3160 temere
667 3115 734 3184 pro
753 3093 843 3169 reris
864 3093 1106 3184 venderentur,
1133 3122 1222 3189 quae
1243 3125 1329 3194 pos·

222 3207 297 3266 sent
314 3199 414 3267 etiam
427 3218 494 3264 non
506 3217 587 3263 vera
602 3216 685 3263 esse.
736 3194 874 3265 Addam
887 3196 939 3266 his
956 3220 1076 3289 unum,
1103 3204 1212 3296 magis
1225 3206 1329 3274 etiam

222 3298 380 3386 dubium,
408 3297 470 3366 sed
485 3305 715 3389 opportunum
736 3297 878 3368 fortasse
898 3300 1051 3394 trilogias
1064 3327 1178 3374 rerum
1197 3330 1329 3402 perpe·

221 3403 337 3471 tnitate
359 3400 577 3469 cohaerentes
602 3400 806 3488 amantibus,
831 3402 858 3470 si
876 3401 1004 3494 ignifer
1020 3407 1244 3478 Prometheus
1262 3433 1328 3480 non

220 3504 322 3574 luerit
340 3501 528 3595 tragoedia.
562 3503 651 3570 Nam
669 3504 730 3572 etsi
745 3525 858 3594 neque
871 3505 906 3588 in
920 3506 1032 3578 indice
1047 3511 1210 3603 Aeschyli
1225 3513 1327 3583 fabu-

76 3629 84 3635 ·
221 3607 330 3678 larum
349 3607 388 3675 lo
403 3604 574 3697 adscripta
586 3613 656 3691 est,
683 3629 793 3696 neque
812 3608 856 3675 ab
875 3608 946 3676 aliis
959 3612 1176 3705 scriptoribus
1195 3640 1328 3685 memo·

221 3721 313 3794 rata,
338 3721 471 3792 tamen,
496 3708 554 3798 qui
577 3708 657 3776 alias
673 3709 836 3800 Aeschyli
858 3714 1051 3804 tragoedias
1074 3717 1212 3788 Latinas
1236 3719 1326 3807 fecit,

221 3816 348 3902 Attius,
374 3813 491 3882 Ionem
510 3810 659 3905 scripsit,
684 3822 723 3879 ut
737 3814 855 3881 saltem
872 3837 940 3882 non
963 3818 1147 3888 absurdum
1161 3822 1326 3910 videatur,

224 3941 298 3987 eam
314 3941 355 3985 ex
370 3916 492 3984 eodem
505 3914 598 3983 fonte
612 3916 753 4006 petitam
769 3917 939 4010 suspicari.
1266 3996 1271 4003 ⁷

325 4019 432 4112 igitur
452 4017 496 4086 de
516 4018 721 4087 Prometheo
742 4018 862 4089 Soluto
885 4020 968 4089 nihil
982 4033 1195 4115 compertum
1216 4025 1325 4096 habe-

222 4146 314 4210 mus,
340 4143 443 4211 quam
464 4120 498 4189 in
517 4122 684 4213 principio
701 4121 837 4192 fabulae
855 4124 993 4194 Titanes
1007 4123 1192 4219 peragrata
1203 4152 1326 4224 magna

221 4236 321 4320 parte
337 4224 428 4293 orbis
451 4230 615 4292 terrarum
632 4225 677 4292 ad
698 4225 887 4295 Caucasum
910 4227 1049 4314 adesse,
1077 4233 1261 4301 cruciatum
1274 4234 1325 4300 vi-

222 4353 318 4400 suros
332 4327 432 4397 vincti
446 4337 548 4415 atque
565 4328 696 4416 aquilae
709 4330 874 4399 morsibus
886 4331 999 4400 laniati
1014 4333 1143 4418 fratris3
1168 4345 1249 4428 post
1265 4359 1324 4406 eo-
