2842 4920
540 345 630 406 LlB.
653 345 704 407 ΠΙ.
747 345 846 407 CAP.
865 351 897 413 4.
1210 355 1273 417 151

167 534 282 608 habet.
335 534 426 601 Nam
441 533 490 600 uli
510 533 593 602 dixit
611 532 689 608 ὅτι
711 530 927 630 χρήσαιντο,
952 539 1032 627 quia
1051 561 1089 606 re
1112 540 1146 607 iu
1170 565 1273 633 prae-

168 663 241 706 seus
258 648 396 760 tempus
415 637 578 705 translata
599 637 780 706 dicendum
799 647 870 707 erat
894 636 988 720 ὅπως
1003 637 1272 732 βουλεύσωνται

168 739 242 814 ὅτι
265 733 490 836 χρήσωνται,
517 741 563 807 ita
580 739 755 832 scripsit‘’
732 769 794 813 οτι
809 741 855 814 οίν
874 742 1013 865 δοκοίη,
1042 746 1121 833 quia
1143 746 1180 813 id
1201 758 1274 817 erat

167 841 259 925 ὅπως
272 838 478 965 σύμβρυλος
500 846 649 939 χένηται
672 841 732 916 ὅτι
752 842 799 915 σίν
819 844 906 966 δοκῇ
920 839 1107 940 πράττειν.
1135 850 1209 919 Vll
1234 849 1271 938 5,

166 945 223 1015 lo.
252 939 484 1075 ε’λοχιζόμην,
525 949 560 1017 εἰ
582 947 702 1018 ταῦτα
728 940 929 1039 προθύμως
953 973 1012 1020 σοι
1040 945 1271 1045 συλλάβοιμι,

165 1077 207 1128 ως
233 1043 363 1128 οἰκεῖός
387 1051 433 1120 τί
462 1074 521 1121 σοι
543 1047 699 1173 ε’σοίμην
730 1048 789 1120 καί
820 1044 980 1130 ἐξέσοιτό
1011 1078 1078 1140 μοι
1112 1056 1270 1145 διαλέγε-

165 1151 256 1225 σθαί
280 1178 339 1224 σοι
366 1144 505 1223 ὁπόσον
532 1179 578 1222 αν
603 1177 736 1240 χρονον
761 1151 972 1250 βουλοίμην
999 1154 1089 1226 vlll
1113 1155 1271 1246 θ,18.δ

164 1251 196 1326 δ’
222 1249 273 1326 αὖ
294 1248 436 1347 ἐνόμιζε
453 1247 734 1349 μακαριώτατος
757 1251 865 1331 εἶναι,
883 1252 943 1327 ὅτι
960 1255 1159 1346 ἐπίτροπον
1182 1266 1269 1349 ἕξοι,

163 1350 294 1449 σχολην
328 1359 538 1451 παρέχοντα
572 1350 749 1449 πράττειν
776 1355 799 1429 6
824 1384 862 1429 τι
895 1356 941 1428 ἄν
968 1355 1070 1453 αὐτῷ
1103 1357 1172 1455 ηδά
1205 1392 1268 1458 ιιη.
1350 1413 1355 1419 -

162 1459 257 1528 Sed
247 1483 282 1526 m
302 1459 427 1527 eodem
448 1454 612 1553 capite§
630 1457 690 1526 38.
712 1459 808 1549 quod
822 1461 946 1551 legitur
958 1459 1002 1528 de
1025 1407 1208 1553 ageliost'
1186 1494 1269 1538 οτι

161 1557 229 1655 χάρ
264 1561 311 1634 ἄν
343 1555 453 1655 λάβοι
482 1565 643 1658 σπέρμα,
690 1562 802 1641 καλῶς
833 1563 894 1635 καί
929 1563 1071 1644 δικαίως
1097 1563 1269 1640 άπεδίδου

161 1658 253 1737 αύτύ
279 1693 320 1738 τε
353 1665 414 1736 καί
444 1659 555 1737 τόκον
589 1661 694 1737 οὐδέν
723 1691 762 1736 τι
795 1659 924 1736 πολύν·
961 1666 996 1732 in
1019 1689 1062 1734 eo
1081 1669 1269 1737 tollendum

160 1766 216 1840 ἄν.
269 1769 349 1836 Non
366 1777 418 1835 est
439 1766 581 1836 euimid
600 1765 730 1840 ex6ca
749 1762 912 1863 άνλάβη,
939 1768 1143 1844 εοδωιότι
1161 1774 1268 1865 ἔλαβε

159 1871 191 1937 iu
212 1873 401 1962 optativum
422 1894 631 1938 conversum.
683 1870 820 1939 Addam
836 1873 900 1938 alia
922 1873 1064 1963 optativi
1076 1875 1110 1941 in
1131 1876 1269 1965 obliqua

159 1975 308 2042 oratioue
321 1997 388 2065 pro
410 1975 621 2042 coniunctivo
634 1975 737 2066 positi
752 1975 917 2066 exempla.
971 1974 1060 2044 Cum
1073 1976 1096 2048 6
1108 1976 1166 2064 ἄν,
1192 1979 1267 2047 He-

158 2076 266 2145 rodoti
291 2078 317 2145 l.
345 2076 432 2150 119.
464 2076 640 2145 Demosth.
666 2100 705 2168 p.
728 2074 815 2164 518,
844 2077 903 2148 13.
936 2077 999 2146 sed
1022 2089 1167 2168 utroque
1189 2082 1266 2150 loco

157 2181 209 2247 alii
224 2181 303 2249 libri
318 2181 564 2249 coniunctivum
586 2181 761 2272 praebent
816 2180 904 2248 Cum
927 2179 950 2254 6
973 2208 1011 2252 τι
1030 2181 1075 2253 οίν
1090 2182 1222 2258 Herod.
1237 2186 1265 2258 Ι.

159 2281 241 2351 119.
258 2293 293 2352 el
310 2307 389 2351 cum
412 2281 503 2363 ὄσως
521 2283 566 2354 σίν
581 2285 640 2354 Vl.
666 2284 727 2352 44.
755 2307 833 2351 cum
849 2283 894 2365 ως
916 2284 962 2355 άν
980 2285 1201 2379 simulatque
1223 2290 1266 2356 si-

155 2387 335 2478 gnificante
355 2388 381 2455 l.
405 2385 468 2459 96.
488 2387 628 2477 Epicur.
653 2389 749 2478 epist.
764 2411 801 2478 p.
822 2386 883 2459 21.
897 2382 932 2481 §.
948 2387 1009 2460 44.
1029 2389 1083 2462 ed.
1101 2391 1263 2464 Schneid.

156 2513 233 2558 cum
249 2489 334 2585 πρίν
348 2489 393 2562 άν
409 2489 571 2579 Xenoph.
590 2491 681 2560 Hell.
698 2489 741 2560 ll.
759 2489 793 2571 3,
814 2489 875 2562 48.
902 2490 939 2573 4,
957 2488 1016 2557 18.

255 2595 412 2684 Apparet
438 2617 480 2662 ex
508 2593 579 2681 lus,
612 2593 875 2684 reprehensione
900 2614 1045 2659 vacuum
1073 2616 1145 2661 csse
1166 2617 1264 2662 usum

154 2697 293 2787 optativi
310 2720 375 2788 pro
397 2697 626 2784 coniunctivo,
652 2696 807 2764 adiuncta
827 2696 992 2788 particula
1014 2694 1070 2768 σίν.
1120 2697 1175 2765 Ex
1195 2722 1263 2788 quo

154 2798 267 2890 colligi
286 2807 416 2891 potest,
443 2800 599 2868 eamdem
614 2803 714 2868 etiam
728 2801 966 2890 particularum
986 2797 1031 2880 οἱς
1046 2798 1091 2870 ἄν
1115 2809 1149 2869 et
1169 2798 1263 2884 ὅπως

154 2900 198 2974 ἄν
215 2903 383 2971 rationem
406 2927 489 2975 esse.
541 2902 771 2995 Atque-apud
797 2905 910 2993 epicos
930 2902 1069 2992 quidem
1093 2913 1127 2972 et
1146 2903 1262 2972 Hero-

153 3004 272 3072 dotum
286 3006 353 3074 hae
371 3007 559 3097 particulae
580 3007 713 3097 saepius
726 3006 884 3095 obliquae
899 3005 1056 3071 orationis
1075 3008 1263 3096 optativum
1284 3044 1287 3049 ·

151 3131 215 3199 pro
234 3111 446 3178 coniunctivo
463 3110 633 3178 adiectum
651 3109 789 3181 habeut.
844 3105 970 3198 odyss,
988 3115 1027 3178 θ
1046 3105 1105 3174 20.

201 3244 266 3317 καί
289 3273 356 3338 μιν
382 3241 613 3343 μακρότερον
639 3244 699 3317 καί
725 3237 890 3317 πάσσονα
917 3242 1029 3339 θῆκεν
1056 3243 1214 3331 ἰδέσθαι,

201 3344 248 3428 ὥς
272 3375 333 3422 κεν
361 3345 559 3447 Φαιήκεσσι
587 3347 689 3444 φίλος
714 3340 889 3420 πάντεσσι
911 3348 1065 3439 γίνοιτο.

151 3525 184 3594 ρ.
199 3496 287 3568 362.

201 3649 361 3751 ὤτρυν’,
388 3651 434 3735 οίς
459 3652 505 3727 ἄν
531 3646 651 3749 πύρνα
673 3645 768 3724 κατά
792 3650 1000 3748 μνηστῆρας
1028 3646 1177 3745 άχείροι.

149 3787 263 3883 Magis
279 3790 672 3883 utpossesignilicetur‚
697 3817 735 3861 ω
751 3786 811 3856 80.

200 3923 284 4050 α’μρ
291 3923 577 4000 ἀύτοῐσιδ’”
557 3953 683 3999 επειτα
703 3924 820 4019 μεγαν
836 3951 896 3996 και
915 3917 1087 4016 άμύμονα
1111 3914 1255 4016 τύμβον

200 4024 359 4123 χεύαμεν
383 4026 599 4152 Apyu'ou‘
585 4021 679 4125 ιερός
705 4020 860 4123 στρατός
886 4018 1098 4120 αἰχμητάων

200 4134 294 4230 σίκτῆ
319 4130 377 4206 ἐπὶ
401 4125 630 4258 προύχούση,
656 4128 713 4203 ε’πί
739 4135 871 4202 πλατεῖ
891 4121 1153 4250 Ελληςπόντω,
1267 4164 1268 4167 ¹

201 4232 246 4315 ὥς
271 4263 332 4308 κεν
358 4228 599 4359 τηλεφανης’
582 4262 620 4308 εν
645 4226 825 4361 aouvdpeu
851 4224 1026 4326 άνδράσιν
1053 4232 1107 4327 εἴη

201 4345 276 4421 τοῖς
302 4343 343 4411 οί
365 4341 429 4413 νῦν
455 4331 626 4432 χεχάασι,
651 4335 711 4409 καί
737 4342 777 4408 οὶ
797 4328 1024 4427 μετόπισθεν
1051 4334 1207 4405 ί’σ.ονται
