2842 4920
21 448 27 459 ‚
162 370 227 434 tro
313 388 320 399 =
499 363 933 437 uuruurrcvuusv

163 555 223 630 καί
247 549 297 630 τοί
321 553 522 652 χρηστήρια
545 552 667 633 τοῦτοί
688 565 726 633 οἱ
744 559 937 657 προλέγοι,
970 553 1271 654 συμβουλεύοντα

163 653 357 753 σύμμαχον
378 653 440 731 tor
457 655 663 759 Ἀθηναῖόν
684 668 721 737 οἱ
741 664 946 738 ποιέεσθαι.
998 662 1102 733 Plura
1125 665 1215 734 euim
1233 666 1272 735 id

160 762 312 834 dixeram
324 763 470 834 oraculo.

684 974 745 1044 lx.

311 1122 377 1195 De
403 1125 614 1220 optativo
636 1147 735 1197 oum
761 1123 813 1200 ἄν
843 1124 887 1194 λα
912 1090 1125 1199 iubendo.

265 1275 446 1372 Optativus
464 1302 542 1349 cum
553 1281 717 1373 particula
733 1279 779 1354 οἲι
796 1280 990 1349 coniunctus
1006 1280 1165 1371 quoniam
1182 1304 1271 1374 quse

160 1392 303 1475 possunt
319 1383 393 1452 fieri
416 1383 599 1476 significat,
626 1407 704 1453 usus
724 1384 809 1452 duos
831 1382 964 1477 accepit
984 1384 1086 1469 εΙίοε,
1112 1386 1271 1475 quicum

159 1486 217 1554 ills
235 1485 304 1555 eius
318 1495 488 1579 potestate
505 1497 582 1556 suut
598 1487 864 1556 coniunctissimi.
916 1487 1046 1556 Eorum
1062 1488 1146 1556 alter
1162 1489 1197 1555 in
1210 1488 1271 1555 iu-

71 1626 74 1631 ·
161 1589 275 1658 hendo
295 1589 459 1676 cernitur,
492 1590 598 1659 lenior
621 1590 678 1659 ille
697 1591 915 1683 imperativo,
941 1589 1003 1658 sed
1023 1600 1154 1676 tamen,
1181 1614 1271 1681 quo-

160 1694 250 1761 niam
271 1692 488 1786 permittendi
510 1694 662 1785 speciem
677 1694 799 1781 habet,
824 1705 862 1761 ut
878 1716 944 1787 pro
964 1696 1057 1763 vocis
1075 1694 1272 1762 conforma·-

158 1796 250 1864 tione
268 1797 368 1865 etium
388 1797 444 1864 vel
466 1798 614 1866 severior
628 1797 683 1866 vel
702 1797 880 1890 superbior
900 1797 1009 1866 videri
1023 1798 1149 1892 possit,
1176 1806 1214 1865 ut
1235 1799 1272 1865 in

156 1900 268 1993 Soph.
281 1899 336 1973 ΕΙ,
353 1897 465 1968 1491.

210 2058 338 2149 χωροῖς
364 2051 411 2126 otu
437 2054 520 2125 εἴσει
548 2046 613 2125 our
638 2044 764 2142 τείχει·
789 2045 904 2143 λόγου
926 2045 995 2148 γιίρ
1024 2047 1068 2123 οὐ

212 2157 276 2232 νῦν
302 2153 399 2231 ἐστίν
425 2149 542 2250 Erote,
568 2148 661 2228 α’λλοί
686 2154 750 2251 τῆς
779 2152 894 2250 ψυχῆς
919 2156 1013 2250 πέρι.

156 2319 191 2381 et
203 2311 237 2380 in
252 2310 368 2405 Antig.
388 2307 476 2378 444.

208 2459 255 2538 οὐ
280 2464 349 2558 μὲι
374 2460 533 2555 κομίζοις
557 2458 604 2535 σία
630 2453 785 2534 οεαυτόυ
811 2454 835 2556 ᾗ
859 2461 996 2547 θέλεις,

126 2556 132 2567 ’
208 2570 272 2652 ἔξω
298 2565 448 2664 βαρείας
474 2563 593 2645 αἰτίας
619 2557 824 2662 ἐλεύθεροι.

156 2720 256 2807 Quae
273 2720 417 2787 formula
436 2719 515 2807 quis
529 2717 670 2809 proprie
690 2739 760 2784 non
782 2715 923 2784 iubentis
947 2721 1016 2804 est,
1042 2713 1105 2781 sed
1128 2713 1269 2783 dicentis

155 2824 238 2915 quid
257 2823 332 2891 fieri
345 2821 471 2915 possit,
496 2842 564 2889 nou
579 2818 685 2889 habet
696 2812 751 2915 μή
758 2872 773 2908 ,
798 2818 858 2888 ubi
873 2818 1009 2912 negatio
1025 2817 1173 2903 accedit,
1208 2816 1269 2886 sed

153 2925 208 3000 οὕ.
260 2925 354 2995 Iliad.
371 2930 408 3019 β.
426 2919 512 2992 25⁰.

207 3080 261 3179 τρῖ
286 3077 350 3154 οὐκ
377 3069 723 3175 suprastatuto?
748 3068 862 3170 στόμ’
889 3075 980 3165 ἔχου
1006 3066 1206 3169 ἀγορεύοις.

258 3237 385 3304 Notatu
408 3234 550 3325 dignum
572 3238 640 3317 est,
665 3229 755 3296 hano
780 3229 945 3297 rationem
965 3226 1145 3319 loquendi,
1179 3250 1269 3316 quae

156 3339 326 3406 familiaris
348 3335 509 3405 sermonis
531 3333 681 3425 speciem
693 3355 778 3423 prae
793 3355 830 3400 so
848 3331 925 3420 fert,
949 3332 984 3399 in
1005 3332 1145 3400 foedere
1159 3330 1268 3399 Eleo-

155 3463 230 3508 rum
253 3450 291 3507 ut
312 3441 497 3508 solemnem
519 3437 701 3505 formulam
724 3457 789 3527 pro
812 3435 1010 3529 imperativo
1033 3433 1206 3526 usurpari:
1232 3457 1265 3508 u.

155 3543 323 3611 Boeokhii
340 3541 474 3631 Corpus
492 3541 597 3610 lusor.
612 3538 737 3612 Graec.
754 3540 836 3608 fasc.
850 3540 877 3613 1.
892 3562 928 3632 p.
945 3537 1005 3607 26.
1020 3547 1059 3606 ut
1074 3534 1267 3630 συμμαχία

154 3643 191 3718 ι’
219 3647 261 3720 ἔοι
291 3642 422 3719 ἑυατόυ
453 3645 538 3718 ἔτεα
545 3699 558 3733 ,
600 3652 635 3713 et
664 3665 753 3733 quae
776 3643 842 3711 aliu
864 3643 911 3713 ibi
942 3643 1042 3736 plura
1071 3639 1266 3709 huiusmodi

150 3759 288 3820 exstant.

681 3952 725 4026 X.

299 4107 364 4177 De
389 4091 604 4202 optativo
629 4127 726 4178 oum
751 4105 804 4180 ἄν
830 4107 876 4175 λα
896 4104 1117 4199 optando.

256 4263 352 4331 Alter
371 4285 450 4330 usus
470 4262 505 4330 in
525 4260 675 4354 optando
692 4262 821 4354 positus
839 4269 913 4347 est,
939 4259 987 4327 ita
1005 4256 1144 4349 quidem
1165 4267 1204 4327 ut
1220 4255 1278 4326 (λε’

156 4390 217 4455 eo,
243 4366 338 4457 quod
353 4375 528 4459 optumus,
554 4373 734 4457 quaeratur
746 4364 921 4455 quomodo
934 4364 1008 4432 fieri
1023 4362 1140 4454 possit.
1196 4362 1266 4430 ltu-
