2842 4920
532 339 617 404 mu.
637 338 688 402 m
733 339 830 405 cur.
852 344 883 406 ο
898 348 930 409 ι.
1219 354 1285 417 14²

168 531 243 600 Alia
257 529 401 622 optativi
415 551 459 598 cx
478 531 631 622 optativo
643 531 822 624 principali
837 531 1016 624 pendentis
1033 539 1281 628 exemptarum

167 636 365 727 pronomine
383 634 523 701 relativo
543 633 623 702 vide
645 635 741 706 Iliad.
761 664 802 726 μ.
822 634 910 709 228.
928 663 958 707 ν.
976 636 1061 706 118.
1085 637 1171 710 322.
1191 641 1279 718 344,

167 749 193 821 ξ.
207 736 271 810 92.
287 737 415 827 Odyss
430 765 466 810 α.
480 734 541 805 4⁴1.
553 736 640 806 229.
659 745 696 829 β.
708 737 795 813 336,
811 740 864 829 (π.
879 737 983 830 386.)
994 743 1023 810 δ.
1038 739 1126 816 222.
1144 754 1183 817 θ.
1193 744 1279 816 24⁰.

166 865 242 909 oum
256 838 321 915 ὅτε
334 841 430 908 lliad.
448 868 485 935 φ.
502 840 589 910 429.
606 838 674 910 od.
693 869 721 915 ε.
737 841 822 911 189.
839 871 863 913 ι.
878 842 964 910 333.
980 848 1012 915 λ.
1028 843 1114 912 3λ4.
1133 873 1173 938 μ.
1191 848 1278 925 106.

165 943 251 1014 114.
279 974 316 1037 φ.
339 942 426 1016 116.
454 965 494 1038 ψ.
515 941 602 1016 185.
631 967 708 1011 cum
730 940 843 1019 ὁπότε
856 973 888 1018 o.
911 945 996 1018 147.
1047 948 1128 1017 Non
1150 959 1200 1018 est
1223 962 1277 1021 ta-

164 1071 241 1138 men
257 1049 304 1114 ita
320 1057 476 1115 constans
494 1047 550 1114 bic
572 1071 669 1136 usus,
695 1057 733 1116 ut
752 1072 821 1117 non
840 1050 1022 1140 aliquando
1037 1050 1071 1118 in
1093 1055 1279 1124 orationem

164 1161 291 1218 rectum
304 1150 423 1219 redeat
436 1152 650 1218 constructio.
701 1151 754 1218 lta
770 1150 898 1243 Odyss.
915 1181 946 1245 y.
963 1151 1051 1226 318.

493 1309 609 1384 κεῖνος
633 1298 704 1397 γοῖρ
730 1306 814 1378 νέον
841 1302 999 1378 ἄλλοθεν
1025 1299 1237 1401 εἰλήλουθεν

213 1409 251 1476 εἰι
277 1403 352 1476 τοῖν
378 1399 607 1502 ἀνθρώπων,
635 1405 727 1478 ὅθεν
754 1405 819 1480 οὐκ
845 1401 995 1481 ἔλποιτό
1020 1436 1060 1501 γε
1084 1409 1194 1505 θυμῷ

213 1508 386 1600 ἐλθέμεν,
413 1505 542 1582 ὅντινα
567 1508 714 1605 πρῶτον
741 1504 1000 1606 ἀποσφήλωσιν
1028 1508 1164 1583 ἄελλαι.

154 1646 192 1717 θ.
204 1641 290 1715 649.

699 1782 738 1856 τί
763 1808 823 1855 ιιεν
850 1784 960 1879 ῥέξειε
986 1782 1046 1853 καὶ
1073 1781 1200 1871 ἄλλος,

211 1879 347 1956 ὁππότ’
374 1880 467 1979 οἱνήρ
493 1887 684 1972 τοιοῦτος,
711 1888 801 1974 ἔχων
820 1878 1057 1980 μελεδήματα
1086 1888 1229 1982 bonni(

209 1985 326 2082 αἰτίζῃ
333 2014 347 2077 ,·
375 1982 534 2076 χαλεπόν
561 2015 620 2059 νεν
647 1981 857 2084 οἷνήνασθαι
884 1981 987 2060 δόσιν
1014 1990 1080 2085 εἴη.

158 2139 246 2208 Huic
262 2149 375 2208 tamen
388 2141 466 2207 loco
481 2140 563 2208 nihil
577 2141 760 2227 tribuerim,
787 2142 820 2208 in
838 2164 907 2230 quo
921 2148 1013 2208 tanto
1026 2141 1155 2209 facibus
1171 2143 1272 2216 αἰτί-

159 2250 211 2329 ζοι
227 2243 329 2312 scribi
342 2244 468 2336 possit,
494 2244 703 2334 quodetiam
720 2243 849 2331 αἰτίζει
868 2244 1032 2336 scriptum
1048 2246 1224 2320 invenitur.

686 2448 744 2519 lv.

238 2602 305 2673 De
332 2602 546 2698 optativo
573 2623 673 2672 cum
699 2599 751 2673 ἄν
772 2621 865 2692 pro
893 2601 1194 2671 coniunctivo

623 2745 718 2790 cum
744 2719 806 2793 ἄν.

255 2858 409 2928 Mutatur
429 2872 538 2929 autem
561 2884 629 2929 non
651 2861 759 2928 solum
779 2860 806 2926 is
827 2858 1073 2942 coniunctivm,
1104 2858 1161 2947 qui
1178 2867 1270 2926 caret

153 2964 319 3054 particula
340 2963 401 3049 ἄν,
431 2965 464 3031 in
485 2965 691 3054 optativum,
716 2961 894 3028 sedetiam
915 2962 973 3047 qui
996 2959 1188 3027 adiunctam
1204 2960 1268 3028 ba-

152 3065 212 3134 bet
226 3091 301 3135 eam
316 3068 528 3158 particulam.
555 3065 622 3134 Od.
632 3094 662 3136 ν.
679 3059 767 3136 415.
781 3073 819 3129 ut
831 3062 969 3151 quidem
985 3084 1061 3128 cum
1077 3062 1155 3128 cod.
1173 3060 1266 3129 Harl.

152 3170 186 3237 in
198 3180 372 3261 postrema
387 3171 442 3244 ed.
462 3171 556 3239 dedit
568 3169 728 3237 Wolfius:

204 3321 319 3418 ᾤχετο
337 3317 558 3416 πευσόμενος
574 3314 671 3415 μετοῖ
686 3314 751 3393 σόν
767 3319 865 3397 ιιλεός
873 3372 886 3406 ,
914 3313 958 3413 ήν
970 3341 1041 3387 που
1058 3313 1116 3390 ἔτ’
1131 3319 1209 3415 εἴης.

151 3477 239 3544 Nam
252 3486 347 3544 recta
361 3477 468 3545 oratio
494 3477 600 3562 foret,
627 3467 818 3565 πεύθομαι
836 3469 880 3566 ήν
894 3495 964 3542 που
981 3464 1037 3542 ἔτ’
1057 3465 1106 3566 ᾖς.
1160 3469 1265 3554 Quod

151 3579 206 3667 si,
224 3589 261 3647 ut
274 3581 400 3671 vulgo,
428 3581 465 3650 εἴ
481 3607 551 3651 που
575 3574 631 3653 ἔτ’
650 3580 722 3669 εἴης
735 3576 906 3658 scribitur,
933 3573 996 3640 erit
1017 3572 1051 3640 id
1070 3581 1163 3641 recta
1187 3596 1264 3640 ora-

150 3682 240 3750 tione
254 3676 446 3775 πεύθομαι
463 3684 580 3754 εἵπου
596 3676 654 3754 ἔτ’
669 3676 711 3753 εἶ.
764 3677 860 3749 Iliad.
877 3684 913 3770 β.
933 3672 1019 3744 59⁴1.

201 3834 334 3907 στεῦτο
361 3829 431 3931 γοῖρ
458 3830 653 3927 εὐχόμενος
678 3831 882 3929 νικησέμεν,
912 3831 1011 3922 εἴπερ
1039 3825 1085 3899 ἄν
1112 3822 1223 3900 αὐτοὶ

201 3938 358 4011 Μοῦσαι
390 3934 558 4013 ἀείδοιεν.

149 4092 239 4159 Nam
252 4099 346 4159 recta
359 4091 467 4160 oratio
485 4101 553 4178 est,
580 4083 733 4187 νικήσω,
760 4085 872 4184 ήνπερ
888 4080 999 4155 attat
1014 4080 1171 4158 Μοῦσαι
1188 4078 1265 4173 αἐί-

150 4196 269 4269 δοσιν.
297 4224 320 4268 ι.
339 4193 424 4262 304.

201 4332 267 4405 νῦν
276 4325 344 4428 γάρ
355 4327 392 4423 χ’
403 4327 560 4429 Ἕκτορ’
576 4333 682 4417 ἕλοις,
693 4316 929 4419 ἑπεὶολνμολλο
940 4347 1000 4395 τοι
1012 4314 1264 4412 σχεδόνὲλθοι.

974 4440 1010 4509 K
1031 4440 1054 4508 2
