2842 4920
230 341 274 404 84
568 338 637 399 DE·
661 337 941 400 Puurlcvuu
963 333 1010 402 dv
1085 406 1089 415 ,

231 527 367 596 Etcum
383 529 550 620 particula
566 529 626 603 ιιεν
642 470 743 599 lliads
752 537 789 624 β.
806 530 894 603 229.

283 680 306 778 ἢ
321 682 377 754 ἔτι
393 680 453 754 ναὶ
466 682 605 780 χρυσοῦ
617 677 800 758 ἐπιδεύεαι
806 739 821 774 ,
848 681 891 758 ὄν
905 684 947 758 ιε’
962 709 1018 764 τις
1036 684 1138 757 οἴσει.

282 980 601 1085 χρεωβονληςεμ
616 986 731 1062 ιιαὶσὲ
741 990 987 1086 διοτρεφές,
1015 984 1244 1081 οἶΜενέλαε,

281 1087 535 1186 ιιιρθαλθρς,”
511 1117 590 1184 ητις
601 1118 661 1163 κεν
676 1085 865 1190 ἐρύσσεται
882 1089 945 1190 ἠδὲ
965 1086 1095 1166 σαώσει

279 1189 466 1287 ΗΑργεισος
480 1192 540 1265 ιιαὶ
556 1193 651 1290 νῆασ

230 1375 268 1442 φ
287 1341 375 1412 σεε.

278 1501 317 1571 ἐν
334 1489 403 1590 γᾶρ
422 1524 457 1568 οι
450 1498 598 1577 ’πολέες
612 1524 653 1570 τε
667 1526 725 1569 ιιαι
719 1495 933 1589 ἄλκιμοι’
904 1500 1032 1621 ανέρες
1048 1502 1174 1592 ε’σμέν,

280 1607 321 1670 οἵ
329 1626 388 1671 κεν
404 1593 545 1695 πρόσθε
563 1599 677 1694 φίλων
695 1604 829 1676 ποιέων
844 1596 985 1692 οέλόχοιν
999 1631 1039 1676 νε
1054 1631 1114 1677 και
1133 1603 1241 1678 νιέων

274 1701 390 1777 Ἴλιον
405 1696 685 1799 εἰρυόμεσθα.

170 1856 171 1861 ’
229 1853 370 1952 otiu.

278 2002 470 2139 αρδεμόνες
483 2009 526 2082 da'
536 2035 571 2081 οι
564 2001 721 2093 ε’νθαδ
738 2003 882 2087 aarum
896 2001 989 2078 αὖθι
1002 2001 1194 2134 ριενόντοιν
1202 2065 1217 2099 ,

279 2118 321 2184 οἴ
329 2138 368 2182 κε
385 2137 451 2203 μιν
470 2110 690 2200 ἐξοίσουσιν,
719 2111 805 2206 ἐμῇς
822 2102 895 2181 νπό
908 2135 1009 2204 χερσι
1002 2109 1199 2202 δαμεᾝντα

181 2252 185 2257 ’
227 2262 299 2332 Sed
317 2260 442 2353 Odyss.
458 2290 494 2333 α.
513 2261 599 2330 403.
617 2285 687 2330 non
703 2262 876 2354 rectelegi
891 2260 1039 2347 videtur,

278 2443 329 2512 μη
349 2440 419 2512 γαρ
437 2442 480 2508 ογ
488 2389 738 2544 ε’λθοιανήρ,
771 2409 919 2495 ὅςτιςσ’
936 2408 1092 2488 αέιιοντα
1105 2413 1213 2513 βίηφι

278 2513 359 2619 ιτήρ
344 2513 438 2610 ρἰατ
451 2515 691 2617 ἀπορραίσει,
717 2511 903 2612 Ἰθαιιης”
882 2544 938 2590 επι
953 2512 1182 2614 ναιετοώσης

225 2676 315 2743 Nam
327 2680 472 2765 propter
479 2695 722 2764 praegressum
735 2671 922 2762 optativum
937 2670 1150 2740 scribendum
1166 2670 1249 2740 est
1224 2700 1341 2773 απορ

239 2771 373 2848 aloat'·

226 2805 247 2874 ρ
330 2877 423 2946 Cave
445 2898 526 2944 vero
549 2886 666 2970 putes,
693 2899 721 2965 ει
708 2876 880 2944 '‘multis
870 2898 904 2943 m
920 2876 1003 2944 locis
1030 2899 1138 2966 aeque
1160 2877 1274 2948 futuro
1298 2903 1339 2948 ac

224 2981 435 3051 coniunctim
455 2980 550 3047 locus
575 2990 642 3068 est,
668 2971 723 3047 vel
741 2981 912 3072 >particula
935 2979 980 3051 civ
1002 2989 1113 3048 utrum
1134 2979 1279 3051 addatur
1297 3006 1340 3051 au

223 3108 292 3154 nou
321 3083 482 3171 addatur,
517 3106 641 3174 parum
668 3084 789 3170 refert,
823 3083 905 3150 nihil
936 3083 1131 3152 discriminis
1158 3107 1231 3153 esse
1254 3086 1340 3156 inter

223 3189 285 3257 has
303 3187 464 3279 loquendi
478 3187 631 3255 rationes.
667 3187 756 3253 Nam
774 3185 934 3253 differunt
947 3209 1043 3272 sane,
1072 3186 1133 3255 sed
1152 3211 1254 3279 saepe
1269 3211 1338 3257 nou

223 3292 365 3359 multum
392 3292 545 3374 interest,
579 3288 647 3356 hoc
677 3311 720 3354 au
747 3288 804 3355 iilo
833 3287 937 3355 modo
961 3288 1113 3377 loquare.
1166 3291 1234 3359 Vbi
1254 3315 1337 3360 vero

223 3393 350 3482 aliquid
376 3394 532 3479 interest,
574 3390 674 3457 facile
703 3390 835 3475 videas,
877 3391 960 3478 quid
987 3390 1153 3486 differant.
1206 3394 1338 3463 Iudicat

100 3540 104 3548 ·
223 3496 312 3567 cuim
334 3496 484 3563 futurum
501 3516 558 3578 ea,
585 3515 673 3581 quae
693 3493 886 3584 simpliciter
904 3502 941 3560 ut
954 3495 1067 3562 futura
1088 3518 1337 3566 commemora-

222 3623 308 3686 mus,
325 3599 446 3690 quibus
462 3597 489 3664 si
504 3595 637 3664 additur
652 3594 698 3667 οἳν
715 3597 770 3664 vel
787 3598 859 3684 κε’ν,
878 3596 973 3665 haud
989 3607 1081 3666 certo
1096 3599 1211 3667 futura
1224 3602 1337 3693 signi-

222 3706 372 3772 ficamuS.
428 3699 666 3768 Coniunctivus
687 3710 799 3767 autem
816 3709 1006 3791 usurpatur,
1033 3702 1091 3768 ubi
1109 3705 1336 3793 experientiae

223 3805 458 3898 comprobatio
478 3804 671 3894 respicitur,
697 3804 732 3869 iu
754 3824 823 3892 quo
839 3827 966 3896 genere
984 3813 1099 3894 potest
1117 3805 1196 3872 addi
1218 3806 1264 3878 ἂν
1281 3810 1336 3874 vel

222 3911 292 3992 κε’ν,
318 3911 346 3977 si
361 3908 582 3996 vocabulum,
611 3907 664 3973 cui
679 3905 848 3988 adiicitur,
876 3907 1102 3976 conditionem
1123 3910 1271 3999 aliquam
1285 3911 1336 3979 rei

221 4013 376 4080 fortuitae
393 4010 546 4078 admittit.
598 4010 650 4077 lta
662 4009 745 4076 illud
764 4009 857 4077 lliad.
876 4038 901 4082 ε.
917 4008 1004 4077 4οἹ.

227 4212 228 4217 ’
271 4181 355 4256 ὅττι
367 4174 460 4276 μάλ’
479 4177 522 4254 οὐ
538 4175 704 4277 δηναιός,
725 4180 763 4261 ὀς
781 4173 1006 4254 ἀθανάτοισι
1021 4175 1205 4281 μοι’χηναι,

219 4360 319 4406 nemo
340 4359 409 4433 uon
424 4335 536 4419 videt,
563 4336 663 4403 etiam
684 4332 802 4402 addito
820 4333 867 4406 οἲν
890 4333 958 4400 dici
972 4294 1133 4426 p5tuisse.
1186 4334 1259 4404 Sed
1283 4345 1336 4406 est
