2842 4920
215 361 281 424 κιο
579 316 989 423 ιιιιιισιιιοιιισ

216 570 285 638 qno
311 545 473 617 Beklrero
495 555 600 642 poeta
620 549 709 618 visus
735 557 786 619 est
808 547 957 618 similiter
979 549 1096 620 lusisse
1117 556 1155 620 nt
1181 551 1324 622 Nonnns

217 994 364 1064 Athaco
386 992 486 1062 valde
511 992 763 1080 diversa'snnt,
784 993 948 1083 qnodque
970 1003 1051 1086 apte
1067 995 1149 1065 dixit
1171 995 1323 1085 Nonnns,

216 1098 379 1190 frigidum
394 1105 482 1165 esset
497 1097 589 1187 apud
613 1096 805 1165 Coluthnm.
858 1097 960 1164 Hunc
983 1098 1164 1189 oportebat
1185 1101 1324 1192 gravius

217 1201 300 1291 qnid
313 1200 513 1291 praedicare
526 1200 571 1269 de
585 1207 697 1268 oestro
714 1200 852 1287 amoris,
879 1209 916 1268 ut
929 1224 1007 1269 enrn
1021 1225 1089 1269 non
1103 1202 1230 1271 leviora
1245 1204 1324 1271 vnl-

216 1327 298 1373 nera
312 1306 425 1372 facere
439 1326 540 1391 quarn
556 1303 676 1371 Martis
691 1303 775 1390 tela,
803 1301 865 1370 sed
882 1326 922 1371 ea
936 1312 1049 1372 tamen
1062 1329 1146 1390 nnn,
1171 1314 1209 1374 nt
1222 1306 1323 1393 illius,

216 1408 405 1493 mortifera,
433 1406 569 1476 diceret
620 1407 700 1498 Ego
720 1406 776 1474 illa
795 1405 864 1473 duo
879 1408 984 1475 verba
1005 1407 1088 1475 nihil
1108 1409 1169 1477 nisi
1193 1408 1323 1477 discre-

216 1513 365 1604 pantiam
380 1511 564 1602 scripturae
585 1532 657 1577 esse
676 1520 781 1599 puto,
809 1532 912 1599 quum
932 1512 988 1578 alii
1010 1512 1192 1580 scriberent
1214 1510 1323 1607 φιλό-

216 1641 325 1709 τητος
342 1613 430 1709 ἐμῆς
451 1610 617 1733 οἶστρον,
643 1612 697 1679 alii
724 1607 921 1708 φιλότητος
936 1607 1026 1703 ἑμόν
1046 1611 1205 1710 οἶστρον.
1257 1615 1323 1684 His

216 1717 251 1785 in
263 1740 366 1785 unum
383 1716 564 1784 coniunctis
582 1717 759 1807 expulsum
776 1724 826 1784 est
842 1715 1053 1785 adiectivum
1080 1716 1231 1786 Videtur·
1237 1717 1322 1786 nrihi

215 1830 319 1912 poeta
333 1821 505 1912 scripsisse
525 1812 755 1916 φιλότητος
737 1818 823 1915 εμῆς
839 1812 1011 1912 βαρον
973 1845 1122 1916 οιστρον
1135 1820 1295 1894 ἑλοῦσαι

166 1907 216 1979 15
316 1925 447 2015 Aperte
458 1923 657 2016 perturbata
670 1931 766 2007 sunt,
793 1944 880 2012 qnae
893 1944 924 1991 v.
943 1922 1027 1993 110.
1041 1925 1217 2016 leguntur·

266 2101 342 2173 τοῖς
356 2087 444 2183 ἐάν,
471 2086 637 2212 σύριγγος
652 2095 686 2172 ἐς
703 2089 799 2211 ἤθεα
812 2084 918 2183 βαιοο
933 2085 1087 2180 ὁδεύων,

266 2193 472 2318 α’γροτέρην
479 2188 651 2285 καλάμων
666 2187 814 2319 λιμορην
835 2191 977 2265 ἐδίωκεν
997 2145 1136 2288 docdp'v.

265 2292 416 2372 πολλάκι
437 2292 472 2369 ιλ
486 2288 742 2369 οἰοπόλοισιν’
725 2321 775 2366 ονι
769 2293 1013 2386 σταθμοῖσιν
1029 2291 1180 2382 dairas,

264 2401 326 2475 καὶ
342 2392 488 2494 ταύρων
501 2394 658 2522 ἀμέλησε
671 2396 731 2470 καὶ
748 2393 812 2469 ούκ
827 2390 1005 2489 ἐμπάζετο
1020 2391 1166 2520 μηλων,

265 2504 411 2581 ἕνθιν*
389 2529 480 2632 εχφν
498 2495 649 2596 σύριγγα
664 2528 733 2573 κατ
738 2495 857 2596 ἤθεα
872 2493 965 2572 κολα
977 2492 1141 2595 νομήων,

265 2608 366 2733 Πμνὶ
379 2634 441 2680 και
431 2597 642 2727 ’Ἑρμάωνι
659 2603 764 2733 φίλην
779 2596 1000 2695 ἀνεβάλλετο
1018 2597 1173 2725 μολπήν

265 2708 310 2785 ού
321 2705 422 2791 κύνες
438 2703 601 2806 ω’ρύοντο
619 2705 680 2778 καὶ
696 2703 741 2779 ού
759 2700 947 2802 μυκήσατο
966 2705 1110 2802 ταῦρος.

212 2880 266 2949 De
286 2879 414 2966 multis,
440 2898 529 2968 qnae
551 2875 607 2943 hic
631 2875 765 2944 molitus
789 2882 840 2943 est
861 2873 1037 2962 Graefins‚
1062 2875 1148 2943 illud
1170 2876 1318 2967 aliquam

211 2984 283 3053 veri
307 2983 457 3074 speciem
478 2981 599 3066 habet,
634 2978 729 3067 qnod
754 2977 898 3070 duplicis
918 2979 1119 3048 recensionis
1143 2979 1206 3046 sibi
1226 2981 1317 3048 visus

212 3097 263 3156 est
286 3088 427 3179 vestigia
457 3081 731 3177 deprehendisse.
782 3081 855 3151 Sed
881 3090 1013 3172 tamen,
1048 3084 1076 3150 si
1100 3081 1182 3171 qnid
1203 3082 1317 3168 video,

211 3192 360 3260 faciliore
380 3213 486 3281 opera
508 3210 563 3256 res
579 3185 731 3278 expediri
746 3193 870 3277 potest.
918 3185 959 3252 ln
972 3186 1083 3278 primo
1098 3184 1223 3252 horum
1237 3209 1316 3254 ver-

211 3317 308 3362 sunm
332 3293 409 3361 cod.
433 3292 521 3360 Mnt.
549 3295 648 3368 τοῖος
671 3286 759 3360 ἕποι’.
810 3287 858 3354 Vt
879 3286 1028 3372 videtur,
1063 3288 1162 3356 etiarn
1189 3284 1315 3381 βαιάν,

211 3396 305 3487 qnod
326 3420 392 3464 non
410 3392 626 3488 praetulerim
643 3391 790 3483 vulgato.
844 3390 1069 3459 Scribendnm
1080 3390 1231 3460 videtnrr

261 3587 361 3643 τοιος
378 3560 454 3635 ἐπεὶ
468 3553 644 3682 σήραηγος
663 3564 698 3641 ἐς
715 3556 813 3681 ἤθεα
825 3550 931 3650 βαιος
946 3551 1088 3646 ὁδιύοι,

263 3661 471 3765 ἀγροτέρων
486 3655 659 3756 καλάμων
673 3655 822 3761 λιγορην
841 3659 985 3735 ἐδίωκον
999 3612 1136 3751 ιῖοιύὴν.

209 3832 439 3932 Αγροοέρων
456 3844 550 3906 recte
573 3831 764 3902 emendavit
781 3830 956 3902 Graefins:
981 3854 1093 3922 neque
1115 3830 1204 3903 enirn
1225 3829 1314 3899 haec

210 3948 390 4031 poetarum
404 3949 497 4010 secta
513 3939 586 4007 dno
598 3937 769 4058 coniungit
785 3935 936 4028 epitheta
952 3935 1114 4005 ornantia.
1166 3927 1313 4032 Σήραμ-

211 4067 271 4135 μος
289 4062 367 4110 mea
388 4053 439 4112 est
462 4041 706 4128 coniectura,
696 4064 731 4111 ιιι
744 4063 855 4129 quam
879 4063 983 4130 qnnrn
1004 4039 1150 4131 plurima
1167 4046 1314 4107 tentaret

63 4196 66 4201 -
210 4145 311 4213 etiarn
328 4146 485 4215 Graefius
501 4145 625 4216 incidit
657 4145 696 4213 In
715 4144 830 4233 quinte
845 4167 943 4212 versn
960 4142 1055 4234 qnod
1076 4166 1095 4211 e
1114 4141 1191 4210 cod
1210 4142 1329 4210 Voss.=

208 4247 349 4317 affertur
365 4251 491 4338 ἔνθεα,
518 4248 601 4317 nihil
615 4247 707 4316 alind
723 4255 773 4315 est
793 4270 895 4338 qnam
916 4247 1011 4337 qnod
1030 4248 1065 4315 in
1080 4247 1192 4337 primo
1206 4245 1311 4313 Paris.

205 4352 329 4448 legitur
346 4355 454 4428 ἔνθεν
470 4374 574 4446 snpra
589 4352 717 4443 scripta
733 4379 767 4423 α.
820 4351 861 4419 ld
877 4351 905 4419 'si
917 4373 985 4420 non
996 4358 1033 4419 ut
1046 4349 1239 4442 Lennepius
1254 4350 1311 4423 ἔν·
