2842 4920
586 323 898 427 c'ouvrnr.
1234 370 1299 435 an

100 562 102 566 ’
195 555 271 638 duo,
296 554 332 622 in
345 552 467 645 qm'brrs
483 547 633 648 χρύσεος
654 563 716 639 est,
734 563 886 648 >propter
900 557 1032 648 primae
1049 557 1299 651 correptionem

193 657 294 726 dubia
311 667 402 726 sunt:
415 681 456 736 ‚v.
467 656 618 729 wamia
631 682 668 750 p.
685 653 772 728 4⁰5.
808 659 880 728 Sed
893 659 1167 752 Trypbiodoms‚
1194 683 1297 752 quem

191 764 225 830 in
244 761 413 830 nonnullis
436 761 539 829 rebus
561 761 606 828 ab
627 763 750 830 Nonno
777 761 967 831 discessisse
989 763 1080 831 idem
1104 762 1295 836 Wernikius

191 865 400 948 observavit,
428 863 796 957 -dnodequinqnaginta
829 887 946 935 versus
983 866 1106 956 habet,
1151 891 1296 958 qnorum

190 968 290 1061 primi
304 968 374 1037 dno
392 967 502 1060 pedes
519 967 665 1059 spondei
685 977 784 1052 sunt,
812 968 898 1037 duos
913 979 1026 1038 antem
1042 994 1076 1044 v.
1099 966 1187 1038 461.
1208 968 1295 1041 543.

191 1094 334 1161 qnorum
348 1072 469 1139 ambae
477 1070 606 1162 primae
616 1070 826 1163 dipodiaeex
836 1073 996 1164 spondeis
1011 1081 1181 1156 constant3
1207 1073 1295 1145 duos

100 1225 104 1236 .
191 1175 355 1265 denique,
381 1175 414 1242 in
431 1174 552 1264 quibus
570 1173 639 1242 duo
660 1175 809 1268 contigui
825 1184 901 1244 sunt
915 1176 1122 1246 diversarum
1137 1176 1296 1271 dipodia-
1389 1241 1393 1248 .

116 1285 119 1291 '
190 1301 263 1346 rum
279 1277 442 1370 spondei,
467 1300 500 1350 v.
518 1275 580 1350 Π.
597 1275 686 1350 414.
704 1277 798 1368 qnod
812 1300 922 1371 genus
933 1280 1027 1371 apud
1042 1278 1228 1350 Colnthum
1242 1282 1296 1349 in·

190 1381 357 1450 veniturv.
368 1379 428 1450 21.
446 1380 507 1448 32.
522 1376 584 1448 61.
600 1379 686 1448 132.
704 1380 787 1450 137.
803 1379 889 1450 146.
905 1380 990 1451 266.
1005 1381 1091 1452 266.
1106 1382 1193 1451 241.
1208 1382 1296 1452 282.

190 1481 278 1556 665.
302 1484 389 1553 37⁰.
441 1483 646 1554 Huiusmodi
667 1485 918 1554 observationes
939 1488 1000 1555 etsi
1022 1510 1090 1556 non
1115 1495 1191 1555 sunt
1212 1509 1296 1555 con·

188 1588 407 1673 temnendae,
430 1595 545 1656 tamen
559 1611 603 1655 ne
617 1587 826 1655 abutendum
845 1588 983 1677 quidem
996 1590 1035 1658 iis
1055 1598 1122 1658 est:
1133 1652 1135 1656 .
1147 1590 1185 1656 id
1201 1589 1297 1679 quod

189 1689 311 1761 accidit
327 1691 514 1760 Wernikio.
566 1691 774 1760 Novissimus
793 1690 902 1759 editor
918 1693 1070 1784 Dionysii
1091 1690 1295 1783 Periegetae

189 1816 294 1885 quum
314 1818 350 1887 p.
376 1790 464 1863 508.
489 1794 613 1862 faciem
635 1795 734 1862 istam
754 1794 908 1864 carminis
930 1797 1019 1887 epici
1038 1819 1107 1863 non
1129 1819 1150 1863 a
1171 1796 1296 1863 Nonnu

148 1935 153 1955 ι
188 1896 328 1966 demum
350 1897 483 1966 fluxisse
507 1897 656 1989 scripsit,
681 1898 761 1965 novi
783 1898 914 1966 luminis
931 1898 1028 1967 iubar
1049 1923 1091 1967 ex
1109 1899 1295 1990 longinquo

101 2016 103 2022 '
189 2000 352 2088 ostendit,
379 2001 434 2069 cni
447 2010 563 2069 tamen
577 2000 739 2069 vellemus
752 1994 914 2070 faustiore
927 2003 1077 2094 auspicio
1091 2025 1193 2090 qnam
1205 2000 1296 2070 Bas-

188 2105 301 2173 saricis
320 2104 475 2196 Dionysii
496 2105 691 2196 praelusum
720 2113 819 2174 esset.
870 2105 994 2173 Redeo
1023 2104 1068 2173 ad
1098 2104 1294 2173 Coluthum

188 2206 386 2299 Μοίοδσαι
400 2209 427 2276 si
444 2229 486 2277 ex
500 2207 748 2277 Hemsterhnsii
769 2207 960 2276 coniectura
973 2209 1008 2276 in
1020 2199 1204 2302 μολούσας
1217 2230 1308 2287 ιον-,ι

145 2370 147 2374 ,
188 2319 333 2397 taretur,
366 2320 467 2379 antea
492 2311 708 2380 scribendum
731 2320 803 2379 erat
833 2304 1054 2408 ἀθανάτῃσι.
1107 2310 1181 2380 Sed
1200 2320 1296 2381 recte

130 2482 133 2486 Α
176 2414 351 2511 libromm
366 2415 569 2507 scripturam
586 2415 729 2482 servavit
743 2415 909 2498 lulianus,
937 2413 1164 2503 defenditque·
1174 2437 1295 2483 censor

175 2516 486 2609 ‘Heidelbergensis
508 2518 543 2585 in
563 2517 748 2585 Annalibus
777 2514 889 2584 1824.
913 2516 953 2583 Ρ.
982 2517 1024 2586 V.
1045 2540 1080 2607 p.
1108 2514 1195 2587 5⁰1.
1222 2539 1295 2605 seq.

187 2620 311 2711 Neque
324 2621 414 2689 enim
430 2620 512 2688 dicit
525 2629 642 2711 poeta,
667 2642 728 2687 vos
744 2617 826 2687 deas
847 2641 868 2685 a
883 2617 1006 2687 Paride
1019 2618 1181 2687 indicatas
1196 2617 1321 2698 vidi-9

166 2713 169 2723 ’
188 2725 263 2812 stis,
290 2723 371 2808 sed,
394 2723 520 2815 vidistis
535 2723 681 2791 iudicem
694 2723 807 2790 Parim
822 2732 856 2791 et
868 2722 1233 2792 victricem-Venerem.

290 2827 402 2895 Finito
424 2829 602 2919 prooemio
624 2828 733 2919 ipsam
759 2827 809 2896 rei
832 2826 1078 2918 expositionem
1097 2825 1296 2927 aggreditur

186 2938 292 3021 poeta
307 2928 361 2998 his
377 2931 507 3000 verbis:

292 3109 341 3164 ως
358 3081 381 3156 ὃ
393 3081 463 3175 μὲν
483 3074 754 3175 δψιίόφοισιν’
736 3107 775 3152 εν
789 3076 936 3174 οὔρεσιν
951 3070 1185 3174 Αἱμονιήων,

288 3184 495 3279 νυμφιδίων
514 3183 659 3307 Πηλῆος
674 3178 933 3310 ἀειδομένων
909 3176 1112 3273 υμεναίων,
1245 3183 1252 3199 ’

182 3291 185 3296 ’
291 3281 443 3411 Ζηνος’
424 3279 694 3387 εφημοσιίνῃσιν
709 3277 879 3381 ἐῳνοχόει
881 3275 1121 3378 Γανυμήδης.

178 3395 184 3402 ’
291 3390 393 3463 παῖσα
408 3391 446 3464 δὲ
463 3388 683 3463 κυδαίνουσα
700 3388 797 3462 θεοῖν
812 3389 960 3461 ἔσπευδε
974 3386 1128 3482 γενέθλη

292 3485 605 3591 αὐτοκασιγνήτην
618 3485 837 3566 λευκώλενον
848 3485 1104 3584 Ἀμφιτρίτης

172 3644 227 3713 ln
242 3667 311 3713 uno
325 3645 426 3714 codd.
440 3645 688 3730 Parisiensium,
711 3657 858 3733 'qnorum
872 3641 1072 3734 scripturam
1092 3659 1294 3730 repraesen-
1331 3730 1337 3738 ι

187 3749 272 3816 tavit
295 3748 459 3838 lulianm,
491 3748 616 3840 legitur
643 3745 688 3828 είς
710 3748 780 3816 sine
806 3746 963 3813 accentu:
994 3744 1031 3812 id
1052 3741 1112 3831 qni
1131 3739 1294 3809 vertendo

189 3852 370 3942 expressit,
399 3851 612 3942 Lennepins‚
647 3851 767 3918 merito
790 3848 1017 3940 reprehensus
1042 3855 1104 3930 est,
1158 3842 1295 3912 Genui-

187 3977 268 4022 nam
288 3955 487 4048 scripturam
506 3977 610 4043 qnnm
631 3955 778 4022 Iulianus
794 3974 895 4020 versu
920 3948 1008 4022 121.
1031 3947 1222 4016 confirmari
1240 3947 1295 4015 in-

188 4057 330 4145 dicavit,
357 4080 486 4126 errasse
505 4057 647 4126 videtur.
700 4057 816 4126 Habet
833 4055 920 4123 enim
933 4053 979 4121 ibi
993 4052 1158 4145 particula
1174 4051 1296 4119 iustam

187 4161 369 4248 rationem,
402 4162 530 4239 sicum
555 4157 725 4254 λιγαίνων
744 4159 965 4250 coniungitur.
1016 4157 1083 4225 Hic
1105 4176 1204 4241 vero,
1237 4152 1300 4221 nbi
1340 4243 1355 4255 χ

188 4262 273 4331 nihil
292 4265 495 4356 praecessit,
522 4286 591 4353 quo
612 4264 778 4333 referatur
795 4260 878 4330 illud
893 4258 954 4345 οἷς,
979 4283 1048 4328 non
1064 4258 1181 4342 video,
1207 4276 1297 4346 qno-
1357 4254 1388 4283 ³

189 4366 294 4435 modo
315 4390 358 4437 eo
376 4369 425 4437 nti
439 4369 587 4463 potnerit
606 4376 727 4462 poeta,
773 4366 863 4436 Nam
885 4364 912 4433 si
935 4362 1106 4433 Homerus
1122 4359 1235 4429 Iliadis
1252 4359 1297 4426 li-

1020 4480 1090 4551 Ο*
