2842 4920
28 300 32 306 ’
152 346 215 409 173
271 418 273 423 Ι
487 338 548 398 ou
586 336 865 429 eraricum
888 332 933 401 αι

256 523 351 626 riori
378 523 422 624 δή
454 520 609 649 Ῥήρους
664 527 744 600 ΟΔ.
766 528 961 651 ’κατέαται
1015 531 1137 611 ΧΟΡ.
1174 527 1268 605 ἄλλα

484 658 551 704 τοι
575 656 774 703 ιτειοιατα
802 655 852 702 σε.

263 736 344 808 ΟΔ.
372 736 449 824 ἴσχε
475 734 544 814 unic
569 760 635 811 rec·
685 736 807 806 XOP.
835 729 879 804 ori
904 732 972 825 μέν
1000 728 1076 807 οὖα.
1121 738 1204 810 ΟΔ.
1231 734 1266 824 d,

484 834 607 931 φίλιον
633 833 748 933 ἄνδρα
775 828 829 930 μή
855 841 994 917 deustos

152 992 300 1060 Multum
316 989 359 1057 ab
375 986 437 1056 his
448 987 562 1057 diflert
575 988 658 1056 illud
671 983 819 1056 Platonis
834 989 868 1055 in
884 988 994 1056 Aloib.
1011 989 1038 1061 l.
1058 1012 1095 1081 p.
1113 988 1199 1059 122.
1221 991 1265 1060 D.

153 1100 184 1168 εἰ
209 1091 245 1168 δ’
262 1089 310 1165 ud
324 1121 361 1164 τι
384 1087 443 1162 καὶ
461 1088 606 1186 πλούτῳ
623 1092 802 1187 προςέχεις
820 1091 879 1163 καὶ
895 1086 990 1164 κατα
1007 1093 1120 1165 τοῦτο
1137 1095 1208 1165 οἴει
1227 1122 1267 1167 τι

153 1195 262 1283 εἶναι,
289 1195 381 1292 μηδέ
393 1194 505 1267 τοῦτο
520 1193 565 1266 ἄν
580 1193 668 1291 ἡμῖν
685 1191 843 1291 ἄρρητον
856 1194 958 1273 ἔστω,
985 1188 1048 1267 ε’έν
1062 1223 1134 1274 πως
1151 1198 1266 1293 αἴσθῃ

152 1298 198 1374 οὗ
217 1295 260 1373 εἴ.
289 1299 505 1386 Quamquam
522 1321 597 1365 eam
610 1297 809 1387 scripturam
824 1320 865 1364 ex
880 1296 1027 1366 editione
1043 1299 1267 1367 Laomariana

151 1411 380 1497 propagatam
396 1424 485 1488 esse,
513 1425 534 1468 a
545 1401 750 1468 Buttmanno
764 1401 928 1468 monitum
944 1411 994 1469 est
1008 1401 1041 1468 in
1055 1402 1266 1492 praefatione

152 1506 197 1574 ad
212 1506 271 1578 lv.
289 1505 502 1597 dialogorum
517 1504 571 1572 ed.
587 1513 741 1594 quartam
754 1527 789 1594 p.
807 1503 865 1576 lv.
882 1527 987 1594 quum
1001 1528 1111 1594 neque
1129 1506 1265 1575 codices

151 1633 215 1679 nec
236 1608 365 1701 priores‘
389 1607 467 1675 edd.
491 1606 536 1680 oio
558 1607 718 1679 habeant.
772 1607 844 1676 Sed
865 1606 1040 1675 latendum
1067 1616 1265 1699 esttamen,

150 1714 301 1807 potuisse
320 1709 419 1798 addi,
446 1719 484 1779 nt
498 1711 590 1800 quod
607 1735 675 1779 non
688 1710 732 1777 ad
753 1710 1005 1803 imperativum,
1032 1711 1093 1779 sed
1111 1709 1156 1778 ad
1172 1712 1266 1810 μηδέ

152 1817 264 1889 τοῦτο
287 1815 462 1908 pertineat
515 1814 621 1881 Plane
635 1815 682 1881 ita
703 1815 863 1902 loquutus
885 1812 1048 1907 Metopus
1070 1813 1165 1906 apud
1182 1814 1265 1884 Sto-

151 1921 274 2013 baeum
293 1918 320 1990 l.
344 1915 405 1989 64.
423 1940 461 2007 p.
480 1915 514 2002 i,
528 1915 589 1987 48.
616 1912 664 1988 τιῖ
681 1917 718 1988 δέ
741 1918 838 1989 εἴδεα
864 1913 977 1997 αὐτοῖς
998 1915 1056 1987 καὶ
1080 1912 1128 1988 τα
1148 1919 1264 2014 μέρεα

152 2019 265 2102 οὕτως
281 2015 328 2092 ια’
343 2046 397 2100 τις
414 2013 621 2116 α’θρησατω.
675 2021 725 2087 lta
739 2018 867 2088 editum
883 2044 903 2087 a
917 2019 1123 2087 Gaisfordio.
1174 2018 1263 2089 cod.

151 2124 192 2192 A.
219 2122 288 2194 καί.
327 2122 442 2214 Vulgo
459 2120 573 2200 οὕτως
589 2120 635 2193 ἄν
651 2148 736 2200 τις..
760 2121 928 2189 Maximus
949 2122 1074 2213 Tyrius
1089 2123 1167 2190 diss.
1186 2122 1262 2192 Vll.

151 2249 180 2292 c.
198 2224 233 2296 7.
260 2248 297 2315 p.
322 2222 407 2294 116.
435 2222 490 2293 ed.
511 2224 629 2295 Reisk.
653 2222 719 2295 univ
738 2221 852 2294 τοῦτο’
873 2250 928 2302 τις
951 2221 1053 2315 ὑμῶν
1072 2220 1119 2296 vd
1141 2219 1266 2308 auidos

151 2321 349 2425 ζηλωσατω.
402 2324 498 2394 Male
517 2326 564 2394 ibi
584 2325 742 2394 Reiskius
760 2326 901 2394 coniecit
918 2321 985 2397 και
1006 2321 1136 2422 τούτῳ.
1189 2329 1264 2398 Re-

37 2434 42 2445 '
151 2430 313 2499 contiones
334 2429 434 2498 etiam
457 2430 579 2498 omisso
602 2429 739 2516 τοῦτο,
772 2437 810 2497 ut
832 2429 970 2497 Ttetzes
995 2428 1039 2496 ad
1057 2430 1146 2520 Lyc.
1171 2430 1262 2507 424.

152 2528 198 2606 od
222 2532 260 2606 δέ
287 2535 322 2605 εἰ
341 2533 455 2606 τοῦτο
482 2535 575 2625 μέγα
599 2525 767 2626 γράφεις,
799 2531 866 2603 κᾶν
887 2534 966 2624 λέγε
988 2529 1048 2605 ὅτι
1073 2528 1263 2609 mausolaea

150 2633 306 2731 Ἀττικῇ
318 2638 412 2729 μέγα
437 2636 549 2708 τοῦτο
563 2631 763 2729 γράφεται·
792 2634 923 2724 dequo
944 2635 1022 2703 loco
1042 2639 1170 2704 monuit
1189 2638 1262 2706 Lo-

150 2738 289 2807 beckius
304 2739 349 2804 ad
363 2739 492 2828 Phryn.
512 2761 548 2828 p.
565 2737 599 2805 9.
633 2739 704 2804 lam
717 2736 856 2804 iudicari
870 2739 995 2829 poterit
1010 2740 1112 2807 etiam
1128 2741 1172 2808 de
1187 2742 1262 2810 Xe-

151 2841 333 2933 nophontis
354 2841 466 2909 verbis
489 2841 600 2912 Anab.
623 2841 648 2908 l.
667 2839 702 2925 4,
724 2838 759 2907 8.
787 2836 870 2914 dtt‘
895 2834 1026 2914 ἰόντων
1051 2842 1096 2915 ἄν
1126 2837 1263 2925 εἰδότες

151 2942 212 3016 ὅτι
226 2942 369 3022 κακίους
390 2942 456 3017 εἰσὶ
473 2944 555 3039 περὶ
572 2941 666 3039 ἡμᾶς
681 2939 816 3038 ἢὴμεῖς
833 2944 916 3038 περὶ
933 2943 1097 3026 ἐκείνους.
1130 2946 1170 3014 ln
1184 2947 1262 3038 qui-

150 3048 213 3115 bus
230 3048 402 3115 Porsonus
420 3047 615 3136 quantocius
637 3045 823 3114 tollendum
845 3048 973 3115 censuit
988 3045 1060 3136 ἄν.
1082 3072 1185 3137 quem
1204 3074 1257 3119 se-

138 3150 245 3241 quuti
260 3160 335 3218 sunt
348 3150 410 3217 alii.
464 3150 511 3217 Et
526 3159 612 3218 esset
625 3148 829 3236 tollendum,
856 3150 884 3216 si
895 3150 1078 3239 pertineret
1093 3153 1137 3221 ad
1150 3155 1261 3246 impe·

150 3255 307 3322 nativum:
335 3252 396 3319 sed
417 3263 467 3320 est
489 3252 534 3319 ad
549 3246 683 3332 εἰδότες
703 3252 936 3338 referendum,
971 3254 1064 3342 quod
1086 3256 1218 3325 divisim
1233 3257 1260 3326 si

150 3356 236 3423 haec
251 3355 476 3434 enunciasset‚
504 3353 639 3422 dixisset
654 3347 784 3427 ἰόντων
804 3353 863 3426 καὶ
886 3357 1011 3428 εἰδεῖεν
1032 3355 1087 3430 ἄν.
1138 3361 1261 3429 Posset

150 3457 288 3525 delendi
315 3458 416 3524 etiam
440 3457 617 3525 infinitivus
643 3480 718 3524 oum
742 3456 788 3529 dv
816 3480 881 3548 pro
905 3459 1104 3549 imperativo
1126 3465 1259 3553 positus

150 3562 183 3628 in
204 3562 249 3628 Η.
276 3559 441 3650 Stephani
463 3558 609 3628 editione
630 3559 798 3628 Herodoti
821 3560 879 3627 lll.
909 3558 994 3629 155.
1036 3558 1194 3653 ἑχόντων
1221 3566 1259 3641 δὲ

149 3658 243 3756 μήτε
269 3668 305 3735 οἱ
328 3659 503 3758 πρότεροι
527 3664 641 3761 μηδὲν
660 3663 734 3736 τῶν
760 3656 998 3753 α’μυιούντων
1020 3658 1115 3760 μήτε
1138 3665 1258 3758 οὗτοι,

150 3761 241 3860 πλήν
258 3765 493 3859 ἐγχειριδίων·
520 3766 634 3838 τοῦτο
656 3766 694 3838 δέ
713 3764 758 3838 dr
774 3767 878 3855 ἔχειν.
904 3835 907 3839 ,
930 3767 1003 3837 Sed
1017 3766 1122 3838 hodie
1134 3771 1257 3861 editur,

149 3870 239 3937 nulla
251 3870 436 3960 scripturae
452 3869 643 3938 diversitate
656 3869 832 3957 adnotata,
859 3869 971 3944 τοῦτο
990 3870 1029 3944 δέ
1042 3873 1107 3946 edu
1123 3875 1229 3965 ἔχειν.
