2842 4920
372 352 668 416 INGREDIBILWM
690 354 803 416 LIBER
826 357 977 420 PRIMVS.
1160 359 1231 425 955

222 544 284 617 lX.
323 543 563 672 Dionysiusp.
579 541 673 627 231,
701 541 761 617 ll.
787 544 846 618 noi
866 540 957 643 πρός
976 540 1089 625 λύπαι
1110 573 1152 619 τι
1169 544 1230 619 noi
1297 633 1300 639 Ι

121 647 272 743 διςχιρῆ
298 640 349 720 roi
374 651 413 721 ἐν
439 647 494 743 τῷ
520 646 590 742 βίῳ
617 640 734 740 γάμος
765 644 1049 745 χρησιμώτατος
1101 649 1140 717 P.
1164 648 1226 718 20.

120 745 247 839 „void
281 749 318 819 V.
347 749 484 820 Melius
504 749 609 829 obest
630 750 821 825 articulus.
831 757 852 793 “
903 753 984 845 Ego
1000 752 1227 821 necessarium

121 878 196 925 esse
211 854 457 940 existimabam,
484 856 564 943 quia
584 877 652 922 non
674 854 800 923 infinite
819 857 934 947 aliqua
951 855 1205 925 incommoda'
1181 879 1228 924 sr-

120 959 380 1052 gnifieerentur:
418 958 532 1047 itaque
565 959 620 1026 vel
650 957 845 1026 addendum
874 960 1000 1028 codicis
1030 958 1227 1028 auctoritate

121 1085 213 1150 esse,
239 1061 313 1148 vel,
339 1061 367 1129 si
384 1061 479 1152 prior
493 1062 550 1130 ilie
571 1062 748 1148 articulus,
774 1063 832 1152 qui
850 1062 895 1131 ad
913 1057 1026 1143 λύπας
1049 1063 1246 1153 oppositus·

121 1175 190 1249 est,
216 1165 317 1233 etium
342 1164 387 1231 ad
411 1164 560 1260 δυςχιρῆ
583 1166 783 1252 referretur,
810 1189 878 1234 non
903 1175 997 1235 recte
1021 1165 1087 1233 dici
1108 1166 1227 1234 melius
1269 1232 1273 1241 ,
1303 1166 1305 1170 ’
1373 1186 1378 1193 ·

120 1269 240 1338 abesse
255 1267 440 1337 articulum.

222 1440 265 1507 X.
305 1438 345 1506 P.
373 1435 433 1507 23.
478 1437 601 1525 „Post
627 1432 894 1523 α’νανιιέζισθαι
922 1431 1039 1511 αυίὀν
1065 1435 1226 1531 Sylbur-

118 1542 208 1635 gius
239 1546 342 1614 ποιεῖ
362 1538 575 1610 desiderat:
607 1564 674 1610 nec
696 1542 811 1611 valde
834 1564 1055 1634 repugnem,
1089 1542 1122 1609 si
1147 1542 1227 1635 quis

120 1646 189 1714 hoc
216 1642 367 1713 verbnm
396 1644 577 1713 excidisse
602 1646 811 1715 contendat.
872 1645 1065 1715 Leniorern
1091 1653 1225 1728 tamen,

121 1748 269 1842 opinor,
298 1747 509 1815 admoveris
526 1749 748 1818 medicinam
765 1771 838 1841 pro
854 1741 969 1821 odric
988 1745 1211 1818 scribens”
1167 1778 1226 1820 αι·-

119 1879 213 1925 τιον
223 1855 245 1894 “
297 1849 450 1941 Dionysii
476 1852 579 1920 verba
600 1860 735 1975 suntp:
757 1850 842 1924 238
872 1875 898 1924 s
934 1847 1015 1923 siro
1038 1854 1226 1971 διατυιιω-

119 1956 204 2028 ιέον
232 1947 326 2045 λόγῳ
359 1952 440 2025 οἷον
461 1955 800 2049 προαναφωναῦνια
835 1951 959 2033 ὁποῖος
984 1952 1029 2025 oin
1053 1951 1074 2024 α’
1097 1953 1225 2045 droco
1205 1950 1227 2024 ὁ

118 2050 217 2148 nerei
232 2056 304 2128 coin
319 2054 459 2128 παίδων
479 2058 641 2148 γένοιτο,
669 2054 729 2130 ὅτι
749 2050 994 2151 rependentes
1015 2049 1121 2177 χαρός
1141 2055 1227 2126 nui-

120 2162 190 2232 δαν
197 2214 212 2249 ,
240 2161 276 2231 εἰ
292 2159 459 2251 γένοιτο,
495 2154 652 2254 ὁρῶντι,
687 2156 747 2231 ναὶ
768 2157 827 2231 ὅτι
844 2153 983 2254 τρόπον
999 2151 1086 2229 croci
1108 2163 1144 2241 ἐξ
1160 2155 1227 2250 oin-

119 2261 180 2359 xiie
209 2253 479 2388 α’νανειέζεσθαι
508 2288 623 2334 curor
648 2261 708 2336 nni
735 2256 950 2360 αἷνηβιῖσιιιιν
978 2254 1042 2334 crin
1061 2267 1138 2341 τοῖς
1159 2257 1226 2332 αι’-

119 2363 190 2484 rori
218 2362 355 2435 παισίν
415 2361 666 2455 opponebam
706 2388 816 2453 neque
840 2385 1128 2456 supervacaneum
1153 2388 1226 2431 esse

119 2459 254 2557 αὐτόν,
286 2489 398 2555 neque
425 2466 530 2534 verbu
543 2467 769 2553 correctionis
800 2466 972 2558 indigere,
1004 2466 1083 2554 quia
1108 2463 1168 2537 ὅτι
1191 2467 1226 2532 in

119 2571 269 2639 oratione
290 2569 429 2659 obliqua
445 2577 539 2636 recte
555 2592 634 2638 cum
645 2569 806 2636 infinitivo
821 2570 1075 2636 consociaretur.

222 2741 281 2809 Χ1.
316 2740 355 2812 P
372 2739 434 2814 23
461 2737 695 2833 „Sophocles
711 2736 882 2808 trachin.
903 2761 934 2809 v.
953 2733 1066 2806 1295.
1083 2760 1135 2830 sq.

449 2922 471 2990 η
487 2920 554 2986 μοι
573 2891 685 2990 μητρὶ
701 2891 770 2984 μὲν
788 2897 917 2965 θανεῖν
929 2885 1025 2989 μόνη

284 2995 496 3090 μεταίτιος,
524 2995 585 3068 σοι’
597 3023 621 3068 τ
628 2991 781 3076 citior,
808 2992 853 3075 uic
870 2995 978 3084 ἔχεις,
1004 2997 1109 3084 ἔχειν.

118 3164 196 3251 nbi,
228 3165 299 3234 nist
292 3164 455 3261 fallor,
488 3164 739 3236 scribendum:
766 3161 824 3235 coi
849 3157 883 3235 δ
900 3157 1020 3251 αὖθις.
1081 3161 1223 3255 Vulga—
1266 3240 1267 3249 χ

24 3284 26 3288 ’
120 3277 197 3339 tnm
220 3270 314 3338 enim
332 3271 365 3339 si
389 3294 471 3341 cnm
497 3270 740 3363 Hocgeveeno
757 3267 889 3336 Doctr.
912 3264 1022 3334 Purt.
1043 3264 1110 3334 Gr.
1137 3266 1174 3335 Τ.
1188 3265 1222 3335 l.

112 3396 152 3465 p.
184 3370 271 3441 651.
312 3372 498 3467 defendas
531 3374 612 3443 loco
647 3371 848 3465 Euripiden
885 3367 1006 3437 Orest.
1047 3394 1080 3439 v.
1109 3367 1222 3439 1317.

119 3474 250 3565 (1310.
275 3476 333 3545 ed.
361 3478 488 3568 Pors.)
515 3476 608 3546 scito
630 3498 655 3543 a
678 3476 845 3545 Porsono
872 3468 906 3545 δ’
925 3494 1001 3565 pro
1023 3468 1062 3543 τ’
1087 3470 1131 3540 oc
1153 3473 1223 3566 μὲν

112 3580 347 3671 praecedens
380 3580 558 3672 scripturn
588 3585 708 3647 esse.“
767 3579 853 3646 Puto
882 3598 937 3643 me
960 3575 1115 3643 miratum
1139 3598 1222 3663 esse,

119 3682 213 3770 quod
233 3684 374 3751 Personi
396 3684 440 3752 de
466 3706 534 3751 uno
559 3683 636 3750 loco
656 3682 856 3752 ‘sententium
873 3679 999 3768 aliquid
1021 3679 1133 3745 valere
1148 3678 1223 3745 vel-

118 3785 166 3852 let
186 3785 345 3854 adversus
367 3786 421 3872 id,
447 3784 541 3876 quod
556 3786 696 3854 millenis
710 3792 827 3877 posset
844 3781 1004 3872 exemplis
1021 3770 1219 3849 confirmari.
1222 3781 1273 3852 16

117 3887 222 3980 Apud
243 3889 454 3980 Sophoclem
479 3889 616 3980 quidem
645 3911 686 3957 eo
707 3888 814 3957 minus
837 3907 986 3975 opus
951 3905 1025 3952 esse
1048 3883 1086 3956 δὲ
1110 3885 1221 3972 scribi,

118 3991 213 4080 qnod
245 3991 343 4060 huius
377 3993 519 4061 voculae
552 3999 702 4084 potestas
737 3986 1029 4085 quodammodo'
1020 4009 1054 4053 ιιι
1087 3987 1220 4056 adiecto

119 4088 230 4175 αὖθις
247 4094 379 4163 inesset.

221 4245 459 4318 xl1.P..24
496 4241 617 4330 ,,ὅιαν
639 4236 692 4337 μή
718 4239 863 4336 ἄψυχον
892 4238 953 4311 ναὶ
978 4234 1117 4336 ταύτην
1139 4238 1247 4338 rioci
1271 4191 1272 4194 Ἴ

127 4349 163 4417 V
186 4349 344 4420 Meliore
365 4349 496 4419 ordine
516 4344 720 4418 verborum.
729 4348 750 4385 ‘⁶
800 4342 1041 4435 Dionysiusp.
1065 4340 1158 4429 299,
1184 4341 1222 4410 8.
