2842 4920
552 359 639 425 nra.
658 360 685 424 1.
730 364 877 433 curs
1225 380 1270 446 aa

164 541 274 613 Multo
289 544 397 616 minus
417 535 540 618 afferre
555 548 705 623 debebat
725 556 893 651 Reisigius
909 559 1017 654 Soph.
1035 562 1161 638 Trach.
1179 562 1266 638 612,

314 699 488 775 τοιοῦτον
502 705 705 804 intulimus,
732 707 812 781 οἶον
829 708 876 783 οἷν
890 706 1037 809 φράσω,

311 809 473 896 γυναῖκες
478 860 493 895 ,
520 804 606 900 ὑμῖν
620 806 743 903 θαῦμ’
760 807 976 891 ἀνέλπιστον
988 826 1136 910 μαθεῖν.

163 952 239 1036 Quo
261 955 366 1023 modo
387 958 463 1046 quis
486 981 648 1049 umquam
669 963 828 1052 loquutus
850 969 926 1038 est?
963 970 1004 1039 ln
1024 974 1265 1046 Andromacha

160 1055 330 1148 Euripidis
344 1068 458 1128 autem
470 1084 502 1130 v.
516 1060 603 1133 465.

312 1208 485 1287 οὐδέποτ’
509 1213 555 1289 ἄν
571 1214 705 1310 δίδυμα

312 1313 432 1414 λέκτρ’
447 1320 621 1393 ἐπαινέσω
639 1320 802 1419 βροτῶν,

137 1465 141 1470 ’
160 1466 303 1536 metricis
332 1469 450 1539 deberi
472 1481 617 1565 arguunt
639 1475 792 1559 codices,
816 1498 884 1546 non
904 1476 1068 1549 habentes
1087 1504 1164 1550 eam
1183 1506 1265 1576 par-

160 1570 302 1639 ticulum.

261 1674 333 1743 Sed
347 1675 528 1745 dicendum
545 1676 590 1747 de
604 1676 660 1762 τίς
673 1677 720 1753 ἄν
736 1701 813 1747 cum
827 1679 963 1777 futuro„
1002 1682 1043 1751 ln
1056 1683 1174 1778 Eluip.
1187 1688 1264 1780 lph

160 1776 199 1847 Τ.
215 1775 302 1885 854.
317 1779 403 1847 haec
416 1781 589 1872 leguntur:
1144 1804 1149 1816 ’

310 1929 364 2012 τίς
378 1931 424 2004 cio
440 1929 506 2006 οὖν
521 1928 610 2009 τάδ’
623 1930 669 2007 ἂν
684 1932 708 2030 ἢ
723 1925 808 2014 θεός
824 1927 1029 2032 ἤβροτόςῆ

307 2062 347 2106 τι
363 2035 436 2108 τοῖν
449 2031 655 2134 α’δοκήτων,

309 2136 450 2233 ἄπορον
464 2133 580 2234 πόρον
595 2132 786 2226 ἐξανύσας,

308 2244 410 2313 docio
421 2248 503 2315 τοῐν
517 2247 649 2335 μονοῖν
666 2238 879 2339 Ἀτρείδαιν
895 2246 1006 2338 φανεῖ

307 2343 425 2418 κακοῖν
439 2345 580 2419 ἔκλυσιν
587 2372 602 2438 ,·

155 2496 323 2589 Reisigius
339 2518 404 2588 pro
415 2520 466 2583 ea,
480 2521 581 2587 quam
596 2499 658 2567 sibi
671 2496 752 2566 lecit
764 2497 900 2565 notione
912 2495 1108 2587 particulae,
1121 2519 1157 2589 p.
1173 2497 1260 2575 loo.

149 2599 206 2680 ’τίς
221 2598 268 2672 οἷν
291 2605 403 2693 φανεῖ
420 2601 601 2670 absurdam
621 2601 919 2691 interrogationem
940 2621 1013 2667 esse
1034 2599 1130 2686 dicit,
1157 2600 1260 2670 Seid-

153 2703 293 2791 leroque
318 2703 467 2789 accedit,
501 2703 547 2777 ἄν
577 2705 623 2774 ad
650 2703 864 2798 participium
895 2694 1064 2784 ἐξανύσας
1089 2703 1258 2781 referenti.

153 2805 318 2874 Nimirum
339 2806 466 2874 factum
486 2816 537 2876 est
557 2808 594 2876 id
615 2807 739 2878 eodem
761 2806 883 2892 modo,
909 2827 978 2894 quo
999 2828 1102 2896 supra
1116 2808 1258 2878 vidimus

154 2931 251 2976 usum
264 2909 520 3000 Thucydidem,
547 2912 625 3002 quia
641 2911 675 2978 in
697 2918 809 2978 mente
826 2909 976 2976 habebat
988 2917 1109 2998 poeta,
1135 2908 1189 2990 τίς
1210 2911 1257 2983 civ

154 3007 220 3083 οὖν
235 3006 323 3085 τάδ’
337 3010 383 3083 ἄν
397 3006 617 3094 liundorum}-
641 3013 704 3080 Illa
718 3013 754 3080 in
767 3011 928 3103 opinione
944 3010 1073 3078 defixus
1086 3011 1256 3102 Reisigiur

154 3114 246 3206 apud
260 3113 480 3185 Theocritum
496 3115 636 3185 XXVlL
652 3113 712 3185 38.
725 3135 810 3206 pro,

480 3267 564 3344 τίνα
578 3295 657 3351 κεν,
682 3265 767 3342 τίνα
779 3262 906 3360 μῦθον
920 3256 1031 3357 ἔνι’ψω
1037 3315 1053 3352 ,

152 3417 264 3488 Scribi
276 3418 370 3488 iubet
383 3418 468 3495 τίνα
492 3421 561 3495 καί.
611 3421 660 3490 At
674 3443 742 3490 non
755 3418 863 3512 magis
880 3414 1027 3485 absurda
1046 3423 1095 3483 est
1110 3415 1184 3486 talis
1200 3417 1254 3486 in·

152 3524 353 3615 terrogatio‚
379 3529 483 3615 quam'
497 3549 603 3615 qumn
616 3546 677 3593 nos
691 3545 768 3594 wer
780 3520 875 3592 wohl
891 3521 946 3588 vel
961 3541 1038 3588 ruer
1052 3528 1147 3589 elwa
1167 3520 1254 3590 dici-

151 3648 235 3695 mus.
285 3626 325 3694 lu
340 3628 459 3720 Eurip.
475 3628 602 3697 Bacch.
618 3626 706 3698 639.
719 3622 909 3695 Brunckius
924 3646 944 3691 e
960 3621 1036 3690 cod.
1050 3621 1095 3691 E.

477 3778 518 3854 τί
538 3777 628 3856 ποτ’
642 3779 688 3854 ἄν
704 3783 742 3853 ἐκ
754 3770 897 3889 τούτων
911 3775 988 3871 ἐρεῖ
990 3801 1005 3867 ,·

151 3930 265 4017 Quem
285 3954 356 4002 non
378 3933 534 4021 dixerim,
559 3943 598 4003 ut
619 3933 813 4017 Elmsleius‚
837 3951 908 3998 non
926 3925 1035 4018 magis
1050 3926 1198 4020 potuisse
1217 3927 1252 3996 in

149 4036 276 4104 tantula
291 4060 330 4105 re
354 4060 475 4107 enare.
526 4039 616 4106 Nam
637 4044 750 4130 potest
771 4033 808 4102 id
833 4033 880 4101 sic
899 4031 1076 4122 explicari,
1101 4028 1140 4104 τί
1164 4026 1251 4104 ποτ’

150 4136 195 4210 ἄν
213 4141 289 4234 εἴη,
315 4137 338 4213 ὅ
352 4143 388 4213 ἑκ
402 4135 545 4214 τούτων
561 4145 637 4238 ἐρεῖ
641 4167 655 4232 ,·
679 4139 746 4208 Alii
760 4135 835 4206 libri
850 4130 913 4232 ἄρ’
929 4134 1064 4202 habent
1105 4131 1253 4201 Aeschi-

149 4263 208 4309 nes
220 4242 257 4308 in
271 4242 422 4336 ctesiph.
441 4239 477 4339 §.
486 4240 571 4312 155.
585 4267 622 4336 p.
636 4240 723 4310 542.
736 4239 852 4311 Reisk.
864 4231 1034 4359 streptu
1048 4231 1157 4354 ταῦτ’
1170 4228 1253 4356 ἐκνί-

151 4368 301 4440 persar,
337 4341 420 4422 αλλ’
441 4341 487 4422 od
515 4346 601 4435 νῦν,
636 4338 728 4421 ἄλλα
751 4364 1076 4528 παραστησαὲενΖος
1097 4364 1165 4412 τον
1187 4363 1251 4431 της
