2842 4920
375 294 380 322 ¹
496 339 1000 408 circumcurre..
1128 352 1148 398 ·-
1215 355 1276 420 ιιι

162 527 257 618 (lyci
274 522 364 595 558.

262 666 495 774 αἰιομνντεόν
510 684 549 759 δὲ
565 681 625 758 σοι’
638 680 696 778 γ’,
724 680 818 768 ὅπως
833 680 941 785 λήψει
958 693 1064 762 πιεῖν.

161 837 286 907 Electr.
301 833 388 907 835.

658 987 743 1083 οὐχ,
772 989 1098 1092 ὄπωςπενσνηρίσιν

261 1087 563 1187 θοινασόμεσθα,
591 1089 735 1169 Φθιάδ’
750 1092 833 1169 α’ντὶ
851 1097 1021 1196 ΔωρικῆςΙ

262 1199 354 1268 οἴσει
372 1224 428 1277 τις
441 1192 530 1293 ἧμιν
546 1198 694 1281 νοπι’δα;

161 1349 307 1417 Fallatur
329 1372 428 1437 vero,
452 1351 510 1440 qui
527 1351 670 1441 perinde
694 1375 766 1421 esse
789 1360 905 1444 putet,
931 1362 1044 1422 utrum
1066 1355 1181 1424 futuro
1196 1358 1270 1445 quis

161 1476 199 1519 an
221 1454 432 1521 coniunctivo
453 1463 574 1521 utatur.
626 1457 715 1522 Nam
732 1457 767 1522 in
789 1456 857 1523 hoc
880 1479 1017 1545 quoque
1038 1481 1165 1549 genere
1180 1461 1270 1529 indi·
1367 1477 1369 1483 ’

161 1557 255 1623 cativi
274 1555 360 1624 haec
377 1557 426 1624 vis
446 1567 514 1641 est,
540 1567 577 1624 ut
595 1558 639 1625 ad
662 1568 789 1626 certam
811 1560 1005 1649 opinionem
1019 1563 1268 1632 voluntatemve

158 1659 332 1731 referatur.
383 1660 431 1727 Et
452 1661 738 1749 quemadmodum
756 1662 866 1728 multis
882 1663 916 1728 iu
937 1663 1058 1746 rebuS,
1082 1664 1129 1730 ita
1148 1666 1183 1730 in
1201 1665 1268 1732 hac

158 1785 293 1852 quoque
317 1761 520 1830 Gennanica
542 1766 657 1856 lingua
673 1787 751 1831 cum
773 1763 908 1831 Graeca
929 1766 1100 1850 convenit,
1128 1769 1268 1834 coniun-

158 1867 243 1933 ctivo
264 1875 366 1955 atque
382 1867 562 1935 indicativo
583 1877 678 1936 utens
703 1866 824 1935 eadem
851 1891 927 1935 cum
952 1869 1135 1936 sententiae
1154 1870 1268 1939 diver-

156 1968 266 2054 sitate,
303 1969 364 2036 nisi
390 1970 485 2059 quod
508 1993 572 2061 pro
597 1971 711 2037 futuro
731 1972 916 2060 praesentis
935 1971 1149 2038 indicativum
1168 1996 1267 2063 usur-

155 2081 220 2163 pat
274 2072 466 2140 Declarabo
483 2096 556 2140 rem
572 2098 613 2142 eo
629 2075 805 2165 exemplo,
833 2073 927 2162 quod
949 2096 968 2139 e
991 2073 1146 2166 Cyclope
1157 2072 1265 2149 attuli.

155 2175 190 2243 Si
206 2175 344 2243 dixisset
358 2170 581 2273 ὅπωςλάβῃς
602 2182 717 2265 πιεῖν,
744 2176 827 2244 nihil
849 2176 940 2243 aliud
964 2199 1068 2267 quam
1091 2179 1266 2248 consilium

155 2278 349 2365 indicasset,
385 2302 454 2367 quo
474 2280 531 2347 ille
552 2282 691 2372 emungi
708 2281 867 2367 deberet,
893 2290 931 2346 ut
950 2282 1111 2370 poculum
1127 2284 1266 2375 accipe·
1350 2276 1355 2291 '

154 2389 211 2450 ret
265 2382 354 2449 lllud
375 2405 457 2450 vero
475 2383 577 2474 plane
600 2385 766 2451 incertum
789 2384 1051 2472 relinqueretur,
1079 2407 1121 2451 an
1142 2385 1265 2454 deinde

155 2505 231 2552 vere
246 2477 334 2553 esset
354 2495 563 2578 accepturus.
615 2487 662 2554 At
681 2509 792 2576 quum¹
809 2486 890 2553 dicit
914 2482 1008 2565 dunc
1028 2479 1139 2582 λήψει
1155 2494 1263 2574 πιεῖν,
1385 2563 1390 2570 ,

155 2587 249 2656 simul
263 2588 428 2682 significat
442 2612 514 2658 csse
528 2597 759 2681 accepturum.

661 2790 755 2860 Xlll.

279 2943 346 3014 De
371 2950 445 3019 ἴνα
472 2954 517 3015 et
542 2941 599 3018 ἵν’
627 2942 679 3017 ἂν
706 2966 804 3014 com
831 2941 1132 3012 coniunctioo.

252 3066 440 3167 Permirum
448 3099 482 3166 in
495 3098 561 3165 hac
579 3098 773 3187 quaestione
786 3094 871 3161 illud
886 3094 1016 3178 accidit,
1033 3094 1139 3182 quod,
1156 3117 1261 3182 quum

154 3197 195 3281 cic
218 3210 252 3270 et
276 3200 369 3282 ὅπως
392 3212 433 3271 ut
457 3202 680 3293 significantes
703 3197 895 3290 saepissime
922 3219 1000 3264 cum
1025 3196 1191 3287 particula
1215 3196 1262 3268 ἄν

154 3305 404 3397 coniungantur,
431 3328 499 3372 non
513 3307 551 3373 fit
563 3305 655 3372 idern
668 3305 702 3372 in
715 3301 880 3396 particula
893 3306 963 3385 ἵνα,
990 3322 1078 3388 quae
1094 3309 1162 3366 tam
1178 3323 1260 3366 con-

153 3416 275 3476 stanter
290 3409 360 3476 sinc
383 3407 429 3479 ἄν
449 3418 648 3500 usurpatur,
674 3417 730 3492 ut,
757 3405 863 3474 sicubi
885 3403 1053 3471 adiectum
1074 3405 1260 3495 reperiatur
1352 3454 1363 3463 ,

152 3507 209 3598 ἄν,
226 3534 296 3579 non
311 3510 476 3578 immerito
490 3511 525 3577 in
538 3513 609 3578 vitii
624 3511 849 3602 suspicionem
863 3509 1018 3577 incurrat.
1051 3506 1261 3574 Bruncldum

151 3614 254 3701 enim,
290 3615 348 3701 qui
373 3614 417 3681 ad
442 3612 531 3685 Oed.
554 3613 629 3686 Col.
652 3613 737 3680 188.
766 3607 814 3684 ἵν’
838 3609 902 3690 ἄν,
930 3607 974 3690 οἷς
994 3607 1061 3696 ἄν,
1089 3607 1183 3687 ὅπως
1204 3607 1261 3685 ἄν,

150 3721 186 3782 ul
198 3717 437 3808 significantes,
463 3718 587 3807 passim
603 3718 718 3785 obvias
735 3738 808 3783 esse
822 3713 945 3794 scribit,
972 3711 1146 3792 memoria,
1167 3709 1259 3797 quod

150 3817 192 3884 ad
207 3815 258 3890 ἵν’
285 3818 330 3890 ἄν
348 3821 481 3902 attinet,
508 3820 637 3888 fefellit.
692 3820 776 3903 Quis
795 3826 909 3883 tamen
925 3837 1023 3896 casu,
1050 3837 1091 3879 ac
1109 3835 1176 3880 non
1191 3835 1258 3903 po-

148 3920 211 3988 tius
230 3923 362 3989 ratione
386 3922 533 4016 quadam
554 3923 681 3990 factum
704 3920 851 4012 putabit,
886 3926 924 3983 ut
946 3915 991 3987 dv
1017 3938 1084 3983 non
1105 3915 1260 3983 camdem

149 4045 225 4090 cum
239 4032 320 4113 ἵνα,
351 4049 453 4114 quam
470 4049 547 4092 cum
565 4023 660 4105 ὅπως
676 4035 711 4091 ct
728 4021 772 4102 ὥς
785 4022 979 4089 societatem
993 4019 1128 4087 inierit?
1155 4017 1260 4102 Quod

149 4124 175 4192 si
191 4149 259 4215 qua
275 4138 327 4196 est
343 4127 442 4196 huius
459 4129 510 4195 rei
533 4130 635 4215 ratio,
656 4150 724 4195 nou
742 4131 855 4216 potest
870 4145 909 4189 ca
922 4122 1034 4190 nonin
1051 4122 1124 4214 ipsa
1143 4130 1259 4188 natura

148 4231 333 4318 particulae
349 4239 409 4303 ἵνα
423 4232 540 4299 inesse.
582 4231 684 4299 Cuius
700 4228 863 4320 originem
879 4225 989 4314 aliqua
1003 4248 1044 4292 ex
1059 4231 1161 4316 parte¹
1171 4223 1260 4289 bene

149 4334 307 4424 explicuit
327 4335 596 4426 Hoogevecnus,
623 4355 728 4423 quum
748 4354 822 4400 cam
837 4328 920 4397 vidit
938 4329 982 4395 ad
997 4347 1186 4420 pronomen
1202 4345 1260 4394 re-

994 4445 1050 4514 12
