2842 4920
209 378 273 443 ιρι
499 368 1020 431 usurasanous

211 565 239 634 si
260 561 454 655 simpliclter
474 559 655 629 bellatores
675 560 817 652 cogitari
831 561 952 648 vellet,
979 558 1121 629 duarum
1136 559 1249 652 potius
1267 558 1319 626 di·

162 665 310 736 ldceret
331 663 500 733 hostilium
521 684 695 755 expressos
711 687 783 732 esse
799 665 932 731 urbium
947 665 1122 736 exercitus.
1175 662 1321 732 Accedit

210 769 388 862 quodiam
404 768 504 836 etiam
522 767 671 856 equitum
686 767 821 834 omissio
834 769 922 835 iusta
936 765 1116 840 videbitur.

315 870 387 941 Sed
401 870 513 941 redeo
536 870 570 937 in
583 870 682 937 viam.
737 869 873 938 Genera
894 870 1106 962 hyperbolae
1125 869 1190 936 tria
1206 869 1321 961 posuit

209 975 424 1050 Demetrius
415 997 451 1042 111
466 974 553 1041 libro
555 963 610 1040 de
628 973 816 1045 elocutione
835 969 870 1068 §.
893 971 978 1040 124.
996 1000 1126 1068 τριττη
1119 965 1216 1045 δι”
1198 996 1319 1045 εστιν·

213 1074 347 1179 ἢααθ
375 1069 581 1172 ὁμοιότητα
604 1076 814 1200 ἐκφέρεται,
848 1073 893 1155 oie
916 1104 960 1198 τρ
953 1069 1176 1148 disard
1208 1071 1320 1149 αἰνέ-

212 1207 375 1278 μαισια
408 1175 591 1271 ὅμοιαι
626 1174 769 1298 ηκαθ’
791 1171 989 1272 ὑπεροχήν,
1023 1171 1137 1299 ρι’ςτό
1162 1172 1318 1251 λευκό-

212 1309 343 1406 τιρρι
365 1275 543 1373 χιόνος·
572 1308 592 1376 η
608 1307 701 1351 κατα
722 1308 767 1352 το
759 1273 1040 1369 αδύνατοα,
1011 1308 1117 1360 αςτο
1137 1277 1321 1376 ου’ραααῖ

212 1379 421 1482 ἐστήριξε
455 1409 579 1479 ιιαρη.
638 1382 769 1451 Malam
798 1383 886 1451 hanc
918 1383 1113 1451 divisionem
1141 1407 1213 1451 esse
1239 1383 1321 1452 vidit

211 1493 300 1584 ipse:
331 1509 435 1577 qnare
455 1487 504 1554 sic
524 1486 657 1610 pergit.
684 1486 782 1557 παῖσα
799 1488 867 1578 μὲν
891 1512 956 1558 ove
978 1481 1163 1582 ύτερβολρ
1178 1480 1322 1611 adtira-

212 1616 293 1674 τος·
322 1590 408 1664 οὔτι
432 1582 501 1711 γαρ
519 1587 564 1660 dr
588 1581 709 1678 χιόνος
731 1583 945 1680 λευκότερον
971 1591 1135 1680 γένοιτο,
1164 1585 1248 1660 αὕτ’
1273 1587 1321 1661 αἲτ

213 1693 334 1787 drapo
351 1696 450 1767 diser
476 1687 625 1784 ὅμοιον·
654 1689 747 1788 αὕτη
768 1695 912 1782 μέντοι
920 1689 942 1787 ἡ
967 1685 1193 1787 ὑπιρβολη’
1175 1719 1192 1763 a
1194 1693 1319 1784 ξαιρὲ-

213 1825 282 1877 τας
301 1790 521 1887 ὀνομάζεται
540 1788 727 1873 ἀδύνατος.
780 1795 827 1861 Et
838 1795 995 1886 profecto
1016 1794 1142 1886 duplex
1164 1803 1215 1862 est
1229 1794 1321 1863 istius
1347 1822 1350 1827 ’

214 1901 381 1970 divisionis
394 1899 526 1965 vitium:
553 1919 672 1981 unum,
700 1897 792 1986 quod
808 1898 847 1965 iis
863 1921 950 1987 quae
965 1899 1039 1966 lieri
1053 1907 1225 1986 nequeunt
1239 1897 1322 1965 nihil

204 2020 393 2073 'commune
414 2011 465 2068 est
481 2022 559 2066 cum
576 2000 736 2068 similibus
753 2011 787 2068 et
803 2001 1021 2092 comparatis:
1047 2001 1201 2084 alterum,
1226 2000 1322 2090 quod

64 2096 68 2106 ’
140 2176 144 2187 ,
213 2109 301 2176 haee
321 2106 391 2174 duo
412 2125 515 2170 unum
532 2113 623 2187 sunt,
650 2104 729 2192 quia
745 2106 954 2194 comparatio
971 2104 1005 2173 in
1027 2113 1171 2195 utroque
1192 2112 1274 2192 est,.
1287 2105 1321 2171 in

215 2211 321 2278 altero
344 2204 534 2298 parilitatis,
561 2206 594 2271 in
615 2205 722 2272 altero
742 2208 983 2297 superationis:
1018 2206 1113 2296 quod
1136 2229 1204 2275 non
1226 2207 1321 2274 latuit

215 2313 415 2402 scriptorem
428 2306 673 2375 rhetoricorum
689 2307 733 2374 ad
746 2309 964 2378 Herennium.
993 2310 1216 2396 Quintilianus
1224 2305 1260 2404 δ.
1270 2307 1321 2378 68

215 2413 336 2485 -so
364 2410 521 2501 exempla
547 2409 687 2501 quidem
709 2411 765 2479 ille
790 2413 902 2505 potius
921 2436 1022 2503 quam
1040 2414 1161 2482 iustam
1182 2413 1321 2482 divisio·

216 2542 294 2589 nem
317 2516 398 2585 dare
422 2515 556 2599 volens,
583 2515 731 2603 quinque
753 2537 880 2607 genera
901 2518 1189 2585 commemoravit:
1217 2539 1322 2608 quum

217 2624 294 2715 plus
308 2621 398 2688 lacto
418 2617 596 2701 diceretur,
617 2641 721 2707 quum
739 2642 792 2687 res
806 2642 869 2711 per
887 2620 1133 2689 similitudinem
1149 2620 1320 2689 attollere-

216 2737 292 2806 tur,
319 2745 424 2813 quum
448 2740 510 2810 per
531 2722 835 2812 comparationem,
862 2746 966 2811 quum
988 2724 1088 2816 signis
1109 2723 1320 2813 quibusdam,

217 2848 322 2917 quum
347 2823 571 2892 translatione.
623 2823 720 2891 Haec
753 2834 787 2893 et
816 2826 934 2894 similia
959 2827 1017 2916 qui
1043 2829 1197 2896 attentius
1221 2827 1322 2895 fuerit

218 2927 482 3018 contemplatus,
507 2947 576 2993 non
599 2947 726 3017 genera
741 2927 870 2997 diversa
882 2930 1094 3021 hyperbolae
1110 2954 1184 2999 esse
1200 2931 1322 2999 intelli-

217 3042 295 3127 get,
321 3031 382 3099 sed
397 3028 659 3107 consociationes
681 3030 896 3122 hyperbolae
915 3056 993 3101 cum
1010 3035 1080 3102 aliis
1095 3034 1255 3101 orationis
1273 3035 1321 3101 fi.

217 3138 320 3231 guris.
373 3133 570 3202 Aristoteles
595 3132 631 3201 in
656 3133 742 3204 rhet.
766 3135 827 3202 lll.
849 3135 909 3221 ll,
939 3136 998 3204 15.
1025 3137 1132 3205 omnis
1154 3137 1321 3229 probatae

217 3238 430 3331 hyperbolae
447 3245 600 3303 naturam
615 3235 649 3303 in
670 3238 885 3305 translatione
906 3238 1038 3307 videtur
1058 3241 1227 3331 posuisse:
1255 3237 1322 3310 εἰσὶ
1348 3327 1353 3332 ἢ
1376 3236 1381 3249 '

220 3347 258 3416 dt
283 3339 343 3413 καὶ
376 3334 636 3427 redempcione
667 3335 864 3431 ὑπερβολαὶ
889 3340 1112 3436 μεταφοραί.
1170 3343 1224 3410 Ac
1241 3364 1321 3410 sane

217 3440 445 3515 transfertur
436 3463 471 3507 ιιι
495 3461 584 3507 οιιιιιι
573 3437 796 3531 hyperbole
822 3442 948 3531 aliquid
969 3446 1096 3513 exalia
1115 3466 1154 3511 re
1177 3445 1213 3513 in
1234 3467 1320 3527 eam,

198 3569 322 3639 Ι(ριιιιιιι
343 3545 404 3611 ista
425 3543 614 3629 accessione
636 3544 834 3617 extollimus.
887 3546 959 3614 Sed
984 3548 1113 3615 formae
1140 3546 1167 3614 si
1192 3530 1348 3615 discer-

218 3649 349 3721 nendae
365 3655 443 3714 sunt
462 3644 689 3737 hyperbolae
714 3670 782 3715 non
804 3657 855 3716 est
875 3672 896 3715 a
909 3649 1050 3718 fortuitis
1070 3649 1157 3717 notis
1172 3651 1321 3741 petenda

220 3750 427 3834 differentia,
454 3769 596 3838 quarum
617 3750 745 3817 infinita
759 3751 935 3820 multitudo
957 3762 991 3820 et
1008 3754 1149 3823 varietas
1166 3763 1233 3821 est:
1260 3776 1320 3821 ve-

219 3879 294 3925 rum
308 3856 382 3946 ipsa
399 3851 581 3922 videndum
601 3863 719 3920 natura
742 3853 950 3946 hyperboles
971 3879 1055 3946 quas
1075 3855 1131 3924 vel
1155 3857 1321 3925 contineat

219 3959 274 4027 vel
288 3957 441 4024 admittat
458 3955 675 4028 diversitates.

322 4059 443 4126 Paucis
458 4081 622 4127 summam
636 4060 684 4127 rei
698 4060 893 4151 complexus
911 4071 962 4128 est
977 4061 1200 4146 Quintilianus
1210 4055 1247 4155 §.
1260 4059 1319 4128 76.
1346 4133 1349 4138 ,

221 4165 296 4255 qui,
324 4171 398 4229 tom
415 4169 488 4246 est,
513 4161 638 4251 inquit,
664 4160 862 4254 hyperbole
876 4162 1009 4248 virtus,
1034 4187 1140 4256 quum
1158 4185 1220 4233 res
1239 4164 1321 4257 ipsu

221 4269 268 4337 de
297 4285 370 4357 qua
395 4262 613 4353 loquendum
640 4274 697 4335 est
725 4266 935 4335 naturalem
966 4268 1116 4336 modam
1145 4268 1320 4337 excessit:

220 4366 435 4442 conceditur
458 4366 550 4436 enim
578 4369 736 4461 amplios
762 4369 903 4460 dicere,
939 4369 1025 4461 ραὶα
1048 4370 1124 4452 dici
1144 4382 1319 4463 quantum
