2842 4920
548 326 854 400 eouurnr.
1195 333 1259 408 sm

152 519 250 590 dendi
268 519 421 587 laborem
438 527 476 585 ut
497 515 671 587 sordidum
691 524 958 603 contemnentes,
982 513 1258 590 incantationibus

151 621 350 714 quibusdam
365 632 399 691 et
411 622 610 714 praestigiis,
630 621 712 689 dum
726 620 830 688 modo
845 619 974 704 credas,
992 622 1148 690 morbida
1165 647 1258 713 sana,

150 728 361 820 genuiuaque
378 726 491 817 spuria
510 749 584 794 esse
600 724 814 817 persuadent
868 723 960 808 Quin
976 734 1014 792 ut
1027 748 1136 816 nuper
1152 729 1257 796 exorti

68 860 70 864 ¹
132 841 223 899 'sunt
245 829 387 914 medici,
422 828 480 919 qui
502 829 599 897 unius
618 827 766 921 scrupuli
786 827 996 895 inlinitesima
1014 839 1256 922 parte'graves

149 934 285 1001 morbos
296 932 499 1023 profligant,
526 933 572 1000 sic
587 932 687 999 etiam
707 929 811 998 critici
824 930 961 1019 quidam
975 932 1122 1022 aliquam
1135 944 1258 1003 norunt

68 1045 71 1055 '
149 1029 452 1128 ὁμοιοπάθειαν,
478 1035 536 1124 qui
552 1057 618 1125 pro
633 1034 818 1125 persanatis
841 1034 990 1102 vendunt
1009 1037 1202 1130 scriptores,
1230 1040 1258 1106 si

148 1140 183 1206 in
201 1139 315 1206 Attico
337 1129 399 1219 ξύν
421 1159 486 1228 pro
509 1131 595 1227 edu,
622 1137 657 1206 in
672 1138 814 1207 Aeolico
832 1139 954 1227 adpro
976 1137 1177 1227 §dederint,
1203 1142 1258 1209 vel

149 1241 280 1330 aliquos
295 1241 357 1308 sibi
372 1240 461 1308 risos
480 1241 711 1331 soloecismos,
739 1241 859 1332 quibus
875 1250 913 1307 ut
929 1240 1014 1310 seles
1033 1244 1181 1310 muribus
1204 1243 1257 1310 in-

150 1344 340 1436 sidiantur,
358 1345 574 1416 removerint.
626 1347 803 1413 Postremo
824 1351 862 1411 ut
881 1343 1003 1411 medici
1024 1339 1175 1414 officium
1197 1356 1257 1433 est,

149 1448 279 1516 nobiles
300 1447 391 1514 iuxta
412 1456 447 1514 et
469 1446 653 1538 ignobiles,
681 1447 798 1515 divites
822 1456 856 1514 et
875 1469 1066 1537 pauperes,
1091 1450 1259 1540 optimum

150 1572 319 1640 quemque
338 1558 373 1617 et
391 1550 574 1642 pessimum
593 1574 727 1620 curare:
753 1552 801 1619 sic
824 1551 923 1617 etiam
944 1550 1048 1618 critici
1065 1563 1136 1636 est,
1163 1564 1283 1642 quo-5

149 1676 218 1744 qno
231 1661 383 1739 vocetur,
410 1676 478 1721 non
499 1663 639 1746 gravate
654 1653 852 1748 opitulatum
866 1653 926 1739 ire,
952 1676 1015 1721 nec
1030 1654 1088 1742 qui
1101 1655 1142 1722 sit
1157 1678 1259 1744 quem

151 1780 269 1824 curare
284 1756 448 1843 iubeatur,
475 1758 593 1826 sedan
605 1756 679 1848 opis
697 1758 738 1825 sit
753 1756 904 1849 indigens
921 1778 1095 1844 quaerere.
1129 1757 1176 1825 Et
1190 1758 1259 1826 hoc
1370 1797 1374 1805 ι

150 1859 288 1952 quidem
312 1859 394 1926 mihi
417 1882 520 1951 spero
535 1861 739 1928 excusationi
753 1862 851 1947 sore,
878 1858 1044 1950 Colutho,
1072 1860 1099 1928 si
1119 1862 1259 1951 possim,

150 1963 359 2032 salutiferam
375 1985 512 2032 manum
537 1962 745 2032 admoventi:
772 1964 830 2052 qui
844 1963 950 2031 homo
973 1964 1085 2031 sinon
1105 1965 1258 2055 scripsis-

150 2076 202 2135 set
217 2089 353 2135 carmen
373 2065 457 2134 illud
480 2067 572 2156 quod
582 2067 767 2157 habemus,
793 2088 862 2135 non
875 2068 953 2157 plus
974 2066 1087 2135 damni
1103 2067 1260 2136 fecissent

151 2171 302 2254 litterae,
330 2191 435 2258 quam=
447 2193 553 2259 quum
575 2170 707 2263 scripsit
723 2170 983 2243 lucrifecerant.
1037 2169 1109 2239 Sed
1128 2171 1260 2262 scripsit

150 2274 227 2359 ille,
254 2272 483 2363 scriptumque
506 2276 576 2342 eiu's
600 2275 747 2366 pessime
765 2268 916 2342 nubitum
936 2273 982 2342 ad
1003 2296 1064 2342 nos
1084 2275 1258 2364 pervenite

150 2385 201 2463 ut,
227 2377 368 2443 etiamsi
381 2377 464 2444 nibil
476 2379 619 2467 praemii
636 2378 811 2469 promittat
827 2377 996 2448 medelam
1009 2378 1162 2465 allatum,
1191 2377 1259 2444 sal-

151 2489 223 2548 tem
238 2479 294 2546 vel
309 2478 535 2547 misericordia
551 2480 676 2571 dignus
692 2481 854 2566 videatur,
873 2481 939 2566 uel,
958 2490 995 2548 ut
1007 2479 1042 2546 iu
1064 2481 1121 2547 vili
1136 2463 1258 2569 capite,

152 2583 384 2674 experimenta
400 2583 515 2650 facere
536 2583 645 2650 liceat.
679 2583 870 2672 Vtrumque
887 2583 918 2650 ei
936 2605 1039 2673 supra
1048 2604 1151 2672 quam
1166 2581 1259 2654 credi

152 2695 290 2778 poterat
311 2686 479 2778 contigit,
495 2687 573 2754 licet
595 2709 663 2754 non
680 2707 805 2778 magno
822 2708 900 2753 cum
919 2685 1043 2758 fructu.
1094 2683 1259 2776 Lennepii

154 2789 246 2865 enim
262 2789 413 2858 iuuenilis
436 2811 558 2881 opera,
584 2790 771 2882 nondigna
785 2790 840 2856 illa
853 2812 941 2879 quae
955 2790 990 2857 in
1003 2788 1168 2856 hodierna
1181 2789 1258 2856 luco
1367 2821 1374 2836 κ

153 2893 340 2960 litterarum
367 2893 480 2960 denuo
500 2891 592 2983 typis
620 2893 882 2982 describeretur,
919 2892 1003 2961 sicut
1023 2893 1081 2960 illo
1103 2900 1259 2982 tempore

153 2996 290 3064 solitum
312 3003 394 3080 erat,
419 3017 483 3063 nec
501 3004 615 3064 nostro
632 2995 776 3063 insolens
797 3003 857 3080 est,
882 2996 990 3087 magis
1003 2995 1039 3062 in
1053 3016 1259 3085 expromen-

155 3098 208 3166 dis
230 3099 364 3181 alienis,
391 3121 493 3187 quam
514 3099 549 3165 in
574 3097 754 3166 afferendis
777 3119 865 3186 quae
892 3096 1030 3164 adrem
1053 3097 1260 3186 pertinerent
1300 3158 1303 3165 ,

91 3243 99 3256 ·
155 3224 235 3270 sese,
246 3201 400 3272 iactabat.
432 3203 597 3270 Nimirum
614 3201 654 3268 in·
665 3201 818 3268 familiari
832 3199 1004 3268 homiuum
1018 3199 1258 3276 consuetudine

155 3314 191 3373 et
212 3305 343 3371 circulis
364 3305 421 3393 qui
443 3310 509 3373 nou
529 3305 624 3395 quod
639 3307 861 3397 interrogatus
877 3314 950 3371 erat
971 3302 1173 3393 respondet,
1196 3301 1259 3371 sed

155 3407 355 3476 alienissima
373 3431 528 3498 quaeque
547 3411 600 3477 vel
616 3410 722 3476 multo
731 3409 831 3488 ,laxae
852 3408 1007 3476 orationis
1021 3406 1156 3474 flumine
1172 3429 1258 3498 pro-

155 3510 286 3595 fundit,
311 3512 367 3578 vel
380 3511 485 3579 cruda
505 3536 581 3580 cum
595 3512 757 3581 brevitate
774 3511 937 3580 fastidiosi
951 3509 1118 3605 supercilii
1130 3511 1259 3578 iacula-

140 3623 231 3703 tur,
257 3615 429 3703 impolitus
454 3625 487 3682 et
511 3615 648 3683 stolidus
668 3614 789 3682 baberi
812 3616 913 3683 solet:
938 3613 1122 3704 inscriptis
1146 3615 1272 3681 autem

156 3739 227 3806 quo
240 3717 314 3805 quis
329 3718 428 3810 plura
445 3742 466 3785 a
476 3718 653 3811 proposito
668 3717 900 3800 abhorrentia,
927 3738 1081 3806 quaeque
1095 3716 1161 3782 ianr
1174 3717 1258 3783 scire

156 3820 243 3887 nolis
262 3830 442 3910 congerat,
469 3843 510 3889 eo
526 3823 620 3889 multi
638 3831 672 3889 et
694 3821 878 3888 doctiorem
898 3829 932 3888 et
951 3818 1165 3888 eruditiorem
1186 3841 1259 3886 esse

157 3921 361 3994 existimant:
388 3945 458 4012 quo
477 3926 534 4008 fit,
559 3924 712 3992 uthodie
726 3946 862 4012 quoque
876 3946 1001 4015 magna
1018 3921 1072 3989 edi
1094 3921 1260 3990 volumina
1373 3968 1380 3992 t

113 4028 120 4039 ‘
158 4025 352 4112 rideamus,
378 4026 555 4117 inquibus
578 4050 712 4113 eorum,
738 4026 825 4115 quae
845 4027 957 4094 titulus
973 4025 1171 4118 profitetur,
1195 4025 1260 4092 ad-

157 4127 300 4198 modum
313 4129 413 4215 nibil,
440 4131 501 4199 sed
516 4154 602 4221 quae
620 4152 730 4219 neque
744 4153 886 4219 quaeras
900 4152 1011 4219 neque
1026 4137 1060 4196 te
1075 4128 1192 4195 credas
1207 4128 1259 4195 in·
1276 4170 1277 4173 =

158 4242 338 4306 venturum
359 4234 518 4325 reperias.
569 4236 652 4302 Post
676 4232 904 4324 Lennepium‚
936 4234 962 4301 si
984 4235 1075 4302 leves
1096 4229 1261 4321 quosdam
1360 4232 1383 4310 J

160 4345 299 4405 conatus
313 4344 348 4406 et
360 4340 556 4408 vertentium
568 4339 602 4406 iu
612 4337 692 4406 alias
705 4337 836 4430 linguas
850 4337 1034 4407 mirabilem
1043 4322 1181 4403 Coluthi
1197 4332 1261 4401 ad-
