2842 4920
81 391 84 405 ·
158 366 224 431 m
303 355 699 420 uumscutestonlssvs
714 354 941 431 Qvtssvsnnu
952 358 1126 424 eutucls.

168 549 332 621 lictoris
361 545 606 618 sectatoribus
639 547 839 621 Musarum
863 559 952 643 post
986 560 1142 621 mortem
1177 574 1264 622 con-

28 680 32 689 ·
160 655 344 741 sociatur,
371 651 541 723 camnina
557 651 704 721 uidetur
712 651 854 744 fecisse
880 654 938 744 (ut
951 652 1131 725 Petronia
1150 655 1264 727 Musa

111 744 114 753 ¹
160 761 198 828 in
220 755 382 827 Iacobsii
413 756 507 849 App.
534 778 568 823 n.
591 754 677 822 338.
704 755 824 843 3⁴ku
857 778 973 849 euque
991 782 1037 827 ea
1062 781 1105 829 re
1130 759 1263 829 intelli·

159 862 287 957 gitur,
327 881 396 929 cur
422 859 498 927 eius
518 865 675 952 junctus
707 859 867 928 materni
897 860 1035 954 gremii
1063 856 1169 936 πόνον
1203 864 1263 932 di-

161 975 316 1052 contur,
347 961 525 1055 respectis
542 961 714 1032 nimirum
741 960 929 1032 laboribus
955 964 1169 1054 litterariis,
1203 967 1264 1060 qui

154 1092 228 1164 per
253 1064 521 1162 praecedentia
556 1075 641 1136 sunt
672 1065 837 1136 indicati.
904 1066 985 1137 Sed
1017 1070 1075 1138 vel
1106 1069 1139 1138 si
1168 1092 1274 1163 pra.

41 1198 49 1215 *
153 1182 243 1269 pter·
277 1172 397 1241 solam
432 1168 580 1239 virtutis
621 1191 797 1239 coronam
832 1168 954 1240 Musis
993 1173 1262 1242 adnumerare-

161 1287 242 1358 tur,
271 1295 453 1368 maguam
488 1273 633 1364 quidem
660 1280 776 1367 poeta
811 1272 880 1343 sibi
913 1274 1100 1344 licentiam
1133 1276 1262 1346 indul-

158 1387 290 1476 gente,
315 1370 449 1457 nioooc
475 1375 640 1471 refertur
665 1378 719 1444 ad
735 1374 888 1464 Musas,
914 1376 1094 1472 habetque
1118 1388 1194 1449 tum
1216 1402 1263 1449 ea

158 1480 292 1553 mentio
324 1478 422 1549 banc
455 1480 692 1567 sententiam,
719 1502 794 1572 pro
822 1479 991 1551 Musaeis
1010 1481 1156 1577 fetibus
1189 1484 1262 1554 Ce-

160 1588 273 1657 stiam
306 1583 402 1654 alios
429 1604 560 1677 eosque
588 1583 758 1652 meliores
785 1583 956 1654 edidisse.
964 1590 985 1626 “
1050 1586 1118 1655 Hic
1148 1586 1261 1678 primo

158 1689 368 1782 quaerimus,
401 1686 460 1754 ubi
485 1686 622 1755 tandem
645 1685 773 1756 dictum
797 1688 855 1774 sit,
885 1686 1034 1759 Cestiam
1060 1698 1141 1782 post
1167 1712 1263 1758 mor-.

158 1804 229 1863 tem
269 1790 486 1860 sectatoribus
519 1788 697 1859 Musarum
728 1792 922 1861 consociari.
987 1792 1042 1861 lle
1076 1816 1118 1862 ea
1150 1816 1188 1861 re
1218 1816 1262 1861 ne

158 1898 299 1969 verbnm
327 1893 467 1986 quidem
491 1895 526 1962 in
549 1895 795 1987 epigrammate
830 1902 888 1963 est.
950 1895 1081 1965 Deinde
1114 1897 1262 1965 carmina

160 2000 308 2071 Cestium
335 1997 455 2066 fecisse
486 2007 610 2066 censet
668 1998 716 2064 Vt
742 1997 809 2065 hac
832 1997 994 2090 tantisper
1023 1998 1260 2085 concedamus,

158 2126 201 2174 ex
222 2126 264 2170 eo
284 2123 453 2194 apparere
474 2102 563 2188 vult,
597 2124 657 2168 cur
683 2101 753 2169 eius
777 2101 925 2168 carmina
953 2094 1061 2175 πόνοι
1087 2112 1259 2178 vocentur,

158 2208 205 2276 At
219 2205 303 2272 illud
325 2197 458 2281 πόνους
473 2201 612 2270 Osanna
634 2202 771 2270 demum
791 2203 952 2290 debetur,
978 2206 1171 2297 multaeque
1188 2214 1261 2274 erat

157 2305 355 2379 dubitationi
382 2304 634 2373 subiiciendum.
696 2304 767 2374 Sed
793 2304 857 2374 hos
889 2307 959 2374 sive
983 2308 1137 2399 poeticos
1168 2311 1260 2377 lusus

157 2413 227 2481 sive
238 2411 320 2478 alios
336 2407 469 2477 labores
491 2408 666 2476 litterarius
684 2401 816 2489 πόνους
834 2410 974 2477 materni
988 2412 1108 2503 gremii
1120 2412 1191 2480 vult
1205 2411 1259 2480 di-

157 2524 230 2587 ctos
249 2536 334 2586 esse.
387 2512 433 2580 m
450 2534 532 2579 vero
551 2510 639 2580 hanc
660 2534 760 2580 nemo
776 2535 844 2582 non
868 2513 1032 2606 intelliget
1055 2516 1150 2583 nimis
1173 2538 1258 2609 por-

155 2626 321 2688 tentosam
340 2614 576 2707 metaphoram
601 2637 693 2702 esse,
727 2615 755 2683 si
772 2615 876 2685 libros
898 2617 1045 2687 scribens
1066 2618 1187 2688 mulier
1206 2620 1258 2723 la-

155 2722 256 2792 bores
284 2742 361 2788 suas
381 2719 557 2809 litterarius
581 2741 623 2786 ex
641 2730 739 2787 utero
760 2741 838 2804 suo,
866 2720 924 2816 ἑῆς
946 2724 983 2793 ἐν
1007 2716 1148 2820 νηδύος,
1173 2742 1258 2814 pro-

154 2826 280 2894 ducere
311 2822 451 2891 dicatur.
512 2819 655 2890 Videtur
681 2819 750 2889 hoc
769 2822 842 2914 ipse
871 2823 1010 2892 sensisse
1039 2823 1258 2895 Welckerus:

153 2928 315 3020 quocirca
333 2927 432 2993 ubam
457 2925 716 3017 explicationem
739 2925 877 3013 adiecit,
903 2935 956 3014 nt,
982 2928 1008 2995 si
1027 2926 1157 3014 (lestis,
1185 2952 1258 2998 ma·

154 3055 259 3125 gnam
287 3031 456 3099 licentiam
478 3030 542 3097 sibi
566 3026 763 3120 indulgente
783 3037 905 3120 poeta,
934 3040 1076 3122 propter
1098 3055 1258 3100 caronam

154 3136 281 3204 virtutis
303 3133 412 3202 Musis
434 3133 687 3218 adnumeretur,
721 3125 853 3212 πόνους
873 3133 1038 3201 referatur
1061 3135 1106 3202 ad
1126 3133 1257 3220 Musas,

153 3239 346 3328 mentioque
365 3258 481 3305 earum
496 3235 584 3304 hane
599 3236 668 3303 rim
680 3233 822 3321 habeat,
849 3245 885 3306 ut
904 3235 1017 3306 Cestia
1027 3259 1104 3329 pro
1123 3239 1257 3306 musicis

153 3343 277 3410 fetibus
310 3341 393 3409 alios
426 3339 556 3407 dicatur
581 3361 709 3429 eosque
734 3339 890 3408 meliores
924 3338 1078 3410 edidisse.
1143 3341 1257 3427 Quam

154 3466 313 3537 magnam
333 3441 501 3511 licentiam
525 3442 694 3534 appellat,
722 3450 772 3510 est
789 3465 830 3509 ea
853 3442 1011 3535 proiecto
1027 3466 1169 3536 magna,
1195 3443 1257 3513 sed

152 3551 273 3618 iterum
294 3568 370 3615 cum
387 3547 547 3639 petitione
572 3545 748 3638 principii,
774 3545 868 3635 quod
887 3544 1000 3615 Gestis
1024 3554 1168 3639 propter
1185 3547 1257 3615 vir-

153 3662 258 3722 tutem
291 3673 385 3719 suam
416 3647 526 3718 Musis
553 3648 798 3717 adnumeretur.
859 3650 931 3718 Sed
960 3659 998 3718 ut
1021 3651 1091 3719 hoo
1123 3651 1170 3719 ita
1204 3651 1256 3738 sit,

153 3755 327 3847 quomoda
358 3748 509 3837 πόνους,
545 3753 572 3821 si
595 3775 663 3821 non
694 3753 860 3844 significat
893 3753 1035 3846 scripta,
1066 3752 1186 3822 referri
1211 3752 1257 3821 ad

151 3858 270 3927 Musas
285 3858 423 3951 potest?
449 3865 484 3924 et
503 3855 640 3946 quidem
654 3879 738 3940 vox,
760 3879 862 3945 quam
876 3857 1075 3926 Welclcerus
1096 3879 1162 3950 pro
1177 3879 1255 3925 eer-

150 3962 277 4030 tissima
295 3961 416 4046 habet,
444 3960 595 4051 quamvis
610 3961 644 4027 in
664 3959 780 4052 lapide
801 3960 883 4028 nihil
899 3961 961 4028 nisi
980 3962 1086 4034 0Νο
1093 3965 1126 4034 Y
1127 3960 1161 4031 C
1171 3983 1255 4028 con-

151 4065 333 4157 spiciatur?
376 4064 530 4152 Denique
549 4065 608 4132 ubi
631 4063 768 4132 tandem
793 4065 847 4131 vel
870 4064 1074 4133 levissimum
1094 4063 1255 4132 indicium

150 4165 317 4237 absurdae
333 4166 426 4234 istius
442 4168 624 4236 sententiae
640 4176 756 4253 exstat,
776 4189 851 4259 pro
866 4167 1017 4236 Musaeis
1033 4168 1157 4236 fetibus
1170 4168 1255 4236 alios

151 4271 300 4342 Cestium
321 4277 422 4359 atque
435 4271 608 4362 meliores,
635 4294 761 4365 pueros
777 4271 934 4340 videlicet
948 4282 983 4340 et
995 4272 1142 4364 puellas,
1168 4293 1255 4363 pro-

151 4374 307 4445 creasse?
357 4370 501 4442 Facilius
525 4383 632 4461 certe,
660 4398 866 4465 quamquam
885 4397 954 4443 non
973 4375 1006 4445 in
1023 4375 1160 4443 laudem
1177 4398 1254 4443 ma-
