2842 4920
112 375 114 383 γ
162 384 237 450 m
292 377 923 468 DE'AESCHYLIPROMETHEO
943 378 1134 448 SOLVPO

165 571 230 652 υύκ
259 568 336 648 ἀσδ
363 564 470 671 τύχης
497 567 580 660 ούδ’
605 564 822 665 αύτομάτως
842 569 1037 670 περίεσμεν
1059 562 1183 645 αύτοίν
1207 572 1271 646 καί

165 677 394 806 κρατούμσν,
420 672 501 753 ἀλλ
522 668 806 774 σ’Προμρδιύτ,
836 671 1069 750 τουτέστιν
1047 704 1068 751 o
1085 670 1271 770 λογισμός,

166 784 303 873 αίτνσς,

269 939 387 1008 ἴστων
401 931 494 1009 ύνων
512 961 535 1009 τ
541 928 668 1026 ύχκία
681 931 741 1008 καί
755 926 901 1028 ταύρων
916 924 1025 1025 γονάς

184 1092 186 1097 -
267 1031 351 1121 δούς
365 1032 561 1112 ἀντίδουλα
576 1035 634 1111 καί
650 1031 772 1111 ττύνων
787 1037 996 1133 ἐκδέκτορα,

165 1185 251 1267 κατ’
278 1183 475 1282 Αἰσχύλον.
525 1191 722 1285 Legebetur
754 1185 956 1284 ἀντίδωρα,
998 1184 1093 1277 quod
1121 1184 1269 1257 correxit
1332 1244 1334 1264 .

64 1329 67 1335 ·
165 1295 335 1365 Sullierius
354 1294 389 1362 iu
411 1293 544 1363 Gomm
565 1293 675 1370 Acad.
695 1294 852 1385 inscript
874 1292 980 1360 Puris.
993 1289 1038 1363 Τ.
1056 1291 1158 1384 xp.
1178 1290 1268 1360 846.

165 1400 255 1468 Num
276 1397 367 1465 idem
388 1398 587 1466 Plutarchus
610 1397 654 1466 de
676 1397 823 1466 sollertia
849 1395 1096 1486 ouimuliump.
1119 1391 1208 1467 964.
1225 1393 1267 1464 F.

167 1497 212 1574 ού
226 1492 296 1596 γάρ
314 1495 556 1629 ἀδικρύσιν“
519 1528 554 1575 οι
569 1494 618 1573 τά
635 1497 776 1592 ἄμικτα
791 1524 850 1573 κατ
842 1489 1033 1593 βλαβσρά
1052 1495 1188 1594 κομιδῇ
1209 1523 1269 1571 κο·

166 1597 332 1690 adsume
353 1600 413 1675 καί
439 1597 763 1684 ἀποκτιννύοντες,
788 1630 838 1675 τα
828 1595 942 1674 δί’
918 1626 1036 1696 ημορκ
1055 1598 1114 1672 καί
1135 1593 1268 1722 φιλοίν-

165 1714 300 1803 δρωσα
326 1699 543 1799 πονούμενον
569 1699 712 1780 τιθασοὶ
728 1697 854 1777 καί’
808 1729 965 1800 συνεργα
979 1700 1100 1798 χροίας
1116 1694 1208 1798 πράς
1221 1701 1269 1800 ἢν

165 1813 319 1882 ἕκαστον
347 1803 389 1881 τύ
414 1809 592 1934 πέφυκεν
629 1805 912 1881 ἵππωνόνων
943 1800 984 1879 τ’
1008 1800 1152 1896 ὀχεία
1188 1804 1269 1879 καί

164 1904 344 2007 corloon·
370 1905 530 2003 μονάς
562 1907 612 1985 σίν
634 1939 654 1986 o
646 1904 863 2000 Αἰσχύλου
888 1900 1115 2029 Προμρδούτ
1134 1907 1268 1989 δοάναν

163 2009 252 2111 ἡμίν
280 2011 388 2111 φησίν
414 2009 666 2089 ἀντίδουλα
699 2006 958 2087 καὶτούτων
993 2005 1268 2107 ἀνδίκτυρα.

161 2115 360 2209 Legebstur
375 2111 472 2184 hic’
450 2114 587 2207 οχτίαν,
613 2115 707 2206 quod
720 2126 936 2186 correxerunt
945 2113 1102 2185 Reishius
1116 2123 1151 2182 et
1157 2113 1267 2204 wyt-
1332 2144 1339 2153 ·

163 2216 372 2289 teubuchius.
423 2217 516 2286 Tum
540 2218 751 2311 Porphyrius
777 2219 821 2287 de
842 2217 926 2287 rhst
951 2217 1011 2287 lll
1033 2215 1093 2288 18.
1117 2240 1154 2309 p.
1177 2214 1266 2286 26Ἰ.

163 2315 267 2418 ἀρκεῖ
291 2313 361 2417 γάρ
387 2314 448 2393 ὅτι
465 2321 579 2418 μηδὲν
599 2328 724 2395 πονεῖν
743 2315 912 2415 δυόμενον
931 2313 1107 2416 χρώμεθα
1125 2310 1267 2414 προκά-
1299 2342 1303 2349 ’

162 2447 296 2516 μνσυσκ
319 2422 379 2496 καί
401 2423 627 2516 μοχδυύσκν,
654 2431 800 2497 ἵππων
825 2421 943 2499 ὄνων
965 2451 990 2497 τ
1034 2418 1167 2514 ὀχεία
1190 2422 1266 2496 καί

161 2519 348 2651 ταύρων
379 2520 538 2619 recole,
577 2555 623 2609 ως
648 2521 828 2616 Ακσχυλυς
847 2553 975 2651 φησιν
1009 2519 1266 2601 ἀντίδουλα

161 2628 236 2702 καί
261 2622 416 2704 πόνων
443 2632 691 2723 ἐκδέκτορα
716 2624 978 2722 χειρωσάμκνοτ
1006 2627 1068 2700 καί
1089 2621 1266 2715 καταζεύ-

20 2784 27 2790 -
161 2739 294 2814 εαντος.
345 2731 397 2800 ltu
416 2733 489 2800 fere
514 2732 705 2801 emendavit
728 2731 907 2800 Rhocrius.
957 2731 1117 2801 Relatum
1138 2731 1240 2800 hoe
1229 2754 1265 2801 ur

159 2832 352 2927 fragmento
369 2833 541 2902 Plutarchi
561 2859 583 2903 τ
594 2834 864 2926 Wyttenbachio
879 2835 923 2908 Τ.
938 2836 979 2904 V.
999 2836 1039 2906 P.
1051 2834 1094 2907 ll.
1116 2857 1153 2927 μ
1174 2832 1262 2904 888.

160 2930 381 3033 Ἀνδίκτορα
397 2939 513 3007 nescio
529 2961 573 3011 au
583 2947 742 3032 proestet
787 2939 938 3008 Alterum
949 2939 1054 3007 hebet
1066 2937 1263 3010 Lohecltius

160 3038 206 3108 ud
220 3038 314 3111 Aiuc.
325 3039 411 3110 823.
428 3065 464 3133 ρ.
480 3040 568 3117 2Ἰ1.
583 3043 642 3112 uhi
651 3042 696 3111 dc
710 3042 969 3112 formanominis
983 3050 1017 3109 et
1026 3056 1155 3135 genere
1170 3040 1260 3115 dixit

263 3145 414 3213 Pertinet
427 3145 473 3214 od
485 3169 540 3214 res
553 3145 748 3215 Promethei
756 3145 925 3231 Pandora,
939 3166 1027 3235 quoe
1040 3144 1261 3217 Proclotcstu

159 3244 205 3315 ed
216 3245 360 3316 Hesiodi
375 3244 421 3322 0.
437 3257 472 3316 et
488 3249 532 3318 l).
554 3245 639 3317 156.
654 3249 699 3318 rb
711 3248 885 3339 Aeschylo
898 3248 988 3317 dictu
1004 3257 1055 3316 est
1212 3256 1215 3265 ’

261 3398 332 3475 τού
344 3394 599 3499 πηλοσλάστοο
617 3401 825 3499 σπέρματος
840 3392 962 3499 druco*
978 3391 1087 3498 γυνή,
1196 3458 1203 3469 .

158 3551 221 3623 scd
230 3576 299 3623 nou
310 3552 481 3646 proditum
495 3576 563 3645 quo
574 3553 608 3624 lu
618 3555 743 3629 subulo.
775 3555 896 3648 Attigit
909 3575 987 3624 eum
1001 3575 1137 3623 versum
1150 3553 1259 3624 Hem-

159 3656 342 3743 sterhusius
360 3656 405 3725 ud
419 3657 558 3730 Luciuu.
570 3661 686 3732 Prom.
703 3657 739 3733 1.
760 3655 806 3733 Τ.
824 3659 850 3730 Ι.
860 3682 896 3751 p.
914 3653 999 3728 185.

107 3763 157 3833 21
261 3761 452 3830 Eumubut
479 3761 602 3830 deiude
628 3761 853 3833 Prometheus
879 3760 1037 3844 Herculi,
1071 3757 1155 3849 quid
1182 3780 1259 3842 eum

159 3887 265 3955 porro
280 3865 435 3934 laborum
453 3866 623 3934 exuotlrre
639 3874 831 3957 oporteret,
854 3864 900 3933 od
915 3887 993 3935 eum
1007 3862 1168 3953 modum,
1190 3885 1259 3953 quo

157 3967 194 4035 in
206 3966 326 4035 Viucto
348 3968 464 4037 similis
480 3969 644 4037 edocetur
656 3969 706 4037 lo.
757 3969 813 4037 Ex
834 3991 877 4037 es
897 3968 1033 4036 ubulre
1054 3974 1154 4058 purte
1171 3988 1260 4056 quse

95 4073 98 4080 '
157 4080 340 4161 supersunt
357 4073 417 4140 etsi
438 4095 508 4162 quo
524 4072 641 4141 ordiue
656 4072 784 4162 scripte
803 4073 847 4141 ab
864 4070 1035 4162 Aeschylo
1050 4068 1176 4137 lueriut
1193 4067 1258 4138 dici

155 4195 223 4241 uon
236 4180 366 4265 potest:
392 4197 469 4242 uum
484 4176 584 4244 etium
598 4176 708 4244 Vincti
724 4177 751 4242 si
772 4176 854 4244 nihil
867 4175 928 4243 nisi
939 4174 1130 4267 fragmento
1146 4176 1266 4242 exsto·'

153 4285 239 4363 rent,
265 4276 340 4365 quis
358 4300 399 4344 eu
410 4299 478 4345 uon
491 4288 579 4347 esset
591 4278 656 4346 elio
670 4301 772 4368 quam
785 4279 818 4348 iu
833 4278 908 4371 ipsu
920 4277 1035 4347 subulo
1051 4284 1128 4346 suut
1140 4275 1257 4344 ordine

135 4377 399 4474 dispositurus?
423 4390 537 4455 tamen
557 4381 766 4472 sequendum
786 4392 963 4476 putemus,
996 4379 1092 4472 quod
1115 4389 1168 4448 est
1188 4377 1257 4448 reri
1312 4442 1313 4446 ,
