2842 4920
149 351 216 417 882
423 345 475 407 DE
495 342 679 407 MENSVRA
696 343 919 421 VTRIVSQVE
937 343 987 410 ἄν.

255 536 316 608 lx
342 535 440 630 (vl.)
472 537 514 606 lu
529 536 648 605 Rheso
662 559 695 605 v.
709 530 796 606 560.
822 537 966 607 Aldina:

308 685 390 765 ἁλλ’
407 692 443 763 εἰ
455 684 617 788 sportatio
633 674 742 782 λόχον
757 683 924 772 εἰςπεσολν

310 804 479 903 διόλωλε,
507 803 593 903 πόχ’
610 810 656 885 ἄν
675 813 729 909 εἴη
746 804 917 910 φοβερόν.

155 985 325 1071 Quattuor
342 982 445 1057 codd.
466 978 547 1055 ἀλλ’
562 981 605 1080 ἧς
632 982 702 1051 duo
718 977 798 1055 ἀλλ’
815 976 859 1076 ἧς
882 980 1003 1051 deiude
1016 1002 1100 1049 uuus
1116 981 1164 1059 εἰς
1176 977 1264 1053 σοι’-

155 1115 229 1168 σας.
282 1088 321 1154 ln
338 1087 444 1154 altero
467 1109 568 1154 versu
586 1096 699 1154 autem
719 1084 788 1154 duo
809 1083 997 1173 διόλωλεν,
1029 1106 1114 1153 uuus
1139 1080 1263 1170 ὄλωλε,

156 1191 224 1259 duo
244 1183 430 1274 διώλεσεν,
458 1198 492 1257 et
514 1199 595 1281 post
616 1183 777 1285 φοβερόν
800 1197 869 1257 tres
889 1188 1020 1257 addunt
1040 1214 1119 1280 μοι.
1172 1187 1265 1255 Tam

155 1293 344 1386 perturbati
358 1293 426 1361 loci
439 1292 626 1385 perexigua
638 1291 684 1360 ad
699 1292 916 1384 probandum
940 1294 990 1360 vis
1016 1298 1076 1363 est.
1127 1291 1214 1360 Sunt
1227 1291 1265 1358 lri

157 1397 226 1466 duo
250 1418 382 1483 versus,
407 1405 446 1464 ut
461 1397 625 1488 strophici
641 1405 844 1484 monstrant,
879 1396 1062 1465 acatalecti.
1114 1394 1195 1463 Non
1214 1404 1266 1463 cst

156 1510 270 1569 autern
291 1501 484 1587 obscurum,
504 1523 572 1569 uou
586 1524 672 1593 opus
692 1524 764 1570 csse
780 1500 847 1569 dici
862 1494 941 1590 τάχ’
956 1498 1002 1572 οἷν
1019 1500 1073 1596 εἴη
1090 1493 1265 1597 φοβερόν,

156 1626 262 1694 quuru
290 1624 375 1671 uuus
400 1605 561 1691 militum,
599 1606 658 1694 qui
682 1605 730 1672 ibi
753 1605 839 1672 inter
870 1628 907 1672 se
934 1604 1187 1692 colloquuntur,
1220 1602 1266 1670 de

155 1710 259 1801 longo
271 1708 423 1776 absentia
438 1709 657 1800 exploratoris
673 1708 831 1777 sollicitus
845 1707 950 1776 modo
964 1706 1101 1775 dixerit:

307 1860 452 1959 ταρβῶ·
478 1854 623 1960 χρόνιος
637 1854 707 1961 νοῖρ
728 1860 890 1936 ἄπεστιν.

156 2016 294 2107 ltaque,
332 2014 492 2106 quoniam
519 2016 587 2084 iam
611 2014 658 2083 ad
681 2016 864 2084 diluculum
886 2015 995 2107 vergit
1018 2035 1103 2102 uox,
1131 2022 1172 2082 ut
1192 2023 1265 2083 orta

156 2121 233 2188 luce
248 2119 330 2209 quid
346 2119 395 2186 rei
410 2119 451 2187 sit
467 2121 641 2211 cognitum
660 2120 701 2187 iri
718 2130 888 2212 speretur,
913 2120 948 2187 iu
969 2115 1101 2209 Opusc.
1119 2119 1186 2189 vol.
1204 2116 1264 2186 lll.

155 2246 193 2314 p.
208 2221 294 2290 306.
321 2221 536 2290 scribendum
551 2222 683 2289 censui:

310 2364 393 2445 ἀλλ’
408 2366 433 2469 ἦ
450 2365 610 2469 sportatio
627 2364 736 2463 λόχον
754 2369 934 2455 εἰςσαίσας

312 2484 480 2575 διόλωλο,·
504 2485 590 2583 τάχ’
607 2490 654 2566 ἄν
674 2487 710 2565 d’
724 2493 777 2595 εἴη
800 2486 970 2592 φανερόν.

156 2663 420 2735 Perturbationis
453 2685 560 2752 quum
591 2663 704 2733 variae
733 2665 916 2757 excogitari
955 2687 1092 2734 caussae
1125 2665 1265 2757 possint,

107 2798 110 2803 ·
157 2792 226 2837 una
241 2790 357 2836 earum
371 2766 458 2834 haec
476 2775 545 2852 est,
571 2776 609 2835 ut
624 2763 648 2861 ἤ
662 2765 755 2864 velo}
771 2767 807 2835 in
824 2771 859 2841 εἰ
869 2767 1076 2859 depravato,
1104 2762 1266 2866 φανερόν

157 2879 322 2942 mutatum
342 2869 443 2937 fuerit
464 2870 500 2937 iu
521 2862 695 2966 φοβερόν.
747 2869 819 2939 Sed
842 2871 1005 2962 quidquid
1028 2871 1073 2939 de
1096 2871 1266 2941 hocloco

159 2975 277 3066 aliquis
303 2982 443 3062 statuat,
479 2982 593 3041 tamen
620 2972 706 3041 illud
737 2974 968 3044 confessurum
996 2975 1158 3062 arbitror,
1197 2999 1267 3044 uou

158 3102 262 3171 posse
279 3077 348 3145 hoc
364 3078 520 3169 exemplo
541 3075 802 3168 productionem
817 3079 1005 3170 particulae
1030 3078 1265 3153 demonstrari.

158 3184 250 3251 Nam
267 3182 367 3249 etiam
383 3182 410 3249 si
426 3181 501 3271 quis
516 3173 677 3274 φοβερόν
693 3181 856 3253 tuendum
871 3184 1021 3274 putabit,
1047 3183 1083 3248 iu
1101 3192 1267 3275 promptu

160 3295 229 3373 est,
254 3294 392 3377 poetam
406 3285 462 3352 vel
476 3283 690 3353 mediocriter
704 3286 921 3354 exercitatum
936 3287 1140 3377 scripturum
1151 3286 1266 3373 fuisse,

160 3382 239 3479 τάχ’
257 3385 478 3461 dorcadion
495 3379 666 3484 φοβερόν.

263 3574 307 3641 Χ.
341 3573 448 3667 (ΙΙΙ.)
479 3574 520 3643 ln
546 3573 727 3667 Sophoclis
753 3574 891 3642 Electra
915 3596 949 3647 v.
970 3570 1056 3642 314.
1108 3573 1211 3642 Laur.
1229 3575 1265 3643 b.

160 3700 246 3745 uuus
269 3675 540 3746 Florentinorum
576 3678 668 3771 apud
698 3677 933 3767 Dindorfium,
973 3679 1067 3771 Aug.
1090 3677 1124 3746 b.
1157 3679 1267 3747 Palat.

160 3779 239 3848 Ald.
261 3789 294 3848 et
313 3780 397 3849 aliae
420 3780 498 3851 edd.
519 3792 599 3855 vett.
626 3782 692 3851 sic:

314 3944 338 4038 ἦ
353 3946 389 4022 δ’
406 3951 452 4024 οἳν
467 3948 535 4048 iyoi
551 3947 745 4047 θαρσοῦσα
761 3950 903 4043 μᾶλλον
919 3954 952 4032 ic
965 3943 1091 4044 λόγους

315 4064 402 4152 νοός
419 4067 502 4155 σούς
521 4071 665 4166 ἱκοίμην
671 4125 686 4161 ,
713 4072 813 4169 εἴπερ
834 4067 903 4146 οἶδε
918 4066 1029 4144 ταῦτ’
1045 4071 1131 4160 ἔχει.

162 4238 320 4307 Proxime
346 4241 478 4309 accedit
498 4239 522 4328 ἦ
545 4240 634 4332 δᾶν,
661 4242 755 4332 quod
777 4245 812 4312 iu
833 4242 935 4314 Laur.
956 4267 987 4318 a.
1013 4243 1126 4334 prima
1148 4264 1269 4311 manus

163 4343 312 4434 scripsit,
353 4354 388 4413 et
407 4341 467 4442 ἧδ’
490 4344 536 4418 ἄν
568 4345 752 4415 Florentiui
773 4350 817 4420 Γ.
875 4347 948 4418 Sed
975 4346 1124 4418 secunda
1149 4368 1269 4419 manus,
