2842 4920
506 394 593 456 ΜΒ.
613 395 640 456 1.
685 396 784 460 ctu.
808 400 839 462 l·
1208 407 1231 469 ὅ

112 594 225 654 utrum
246 585 285 658 εἴ
295 612 355 660 κει
376 578 546 660 oduario
568 615 610 682 ys
632 580 830 686 φύγοιμεν,
857 609 900 656 nn
922 591 959 662 ιι·
975 587 1037 663 καὶ
1058 585 1226 667 θάνατόν

111 716 152 783 γε
170 683 352 784 φύγοιμεν
367 689 470 758 dicas.

214 792 391 861 Difficilius
410 793 579 886 explicatu
601 802 669 883 est,
695 795 871 884 quomodo
888 793 935 868 οἷν
957 819 1000 868 ex
1021 793 1092 868 οἴνα
1113 797 1225 867 ‹ledu-

110 908 202 962 ctum
219 896 309 962 illam
327 897 604 989 significationem
622 899 802 989 acceperit.
839 898 982 968 Videtur
997 911 1110 968 tamen
1125 901 1224 972 huius

109 1021 249 1087 quoqne
267 999 316 1066 rei
334 1000 520 1090 probabilis
543 1003 628 1069 ratio
648 1001 763 1069 afferri
781 1023 894 1093 posse.
946 988 1116 1072 Panionia
1136 1003 1222 1093 οἴνα,

108 1124 198 1190 quae
211 1103 318 1169 recisa
331 1103 447 1169 ultima
462 1105 572 1172 littera
585 1104 707 1173 mansit
718 1105 752 1174 in
771 1105 974 1174 Germanica
991 1109 1123 1199 lingna,
1148 1110 1223 1199 pri-

108 1227 203 1273 mum
224 1229 265 1272 ac
283 1206 460 1296 proprium
480 1226 579 1275 usum
595 1207 701 1278 habet
719 1209 753 1278 in
773 1208 831 1295 iis,
860 1211 999 1299 quaein
1015 1210 1152 1279 alienius
1171 1213 1222 1280 rei

108 1309 291 1398 superficie
307 1308 350 1376 ab
365 1311 433 1376 imo
448 1309 494 1378 ad
509 1334 676 1379 summum
694 1310 806 1380 eundo
824 1314 1087 1405 conspiciuntur:
1110 1326 1221 1383 motus

108 1414 198 1478 enim
215 1412 493 1502 significationem
514 1415 544 1481 ei
567 1414 753 1483 adhaerere
768 1437 872 1503 quum
897 1441 939 1486 ex
954 1440 996 1486 eo
1016 1418 1221 1508 intelligitur,

108 1514 202 1604 qnod
226 1537 295 1582 non
312 1525 364 1583 est
380 1527 461 1606 apta
476 1517 546 1584 visa
560 1541 648 1606 qnae
664 1541 742 1585 cum
756 1519 863 1586 verbo
879 1517 973 1591 aiunt
994 1542 1220 1612 componere-

107 1632 173 1702 tur,
199 1628 272 1684 tum
290 1617 392 1685 docet
406 1642 483 1686 usus
497 1621 566 1686 eins
580 1619 790 1705 adverbialis,
817 1629 854 1687 ut
870 1617 951 1692 ἀλλ’
969 1619 1039 1693 αἰα
1056 1630 1091 1703 ἐξ
1107 1618 1220 1712 ἑδρά-

107 1748 189 1792 unu.
243 1720 377 1789 (laeteri
391 1722 598 1813 significatus
613 1745 654 1789 ex
668 1745 728 1813 eo,
759 1743 861 1810 quem
874 1724 1022 1812 primum
1034 1725 1219 1814 posuimus,

106 1825 207 1892 facile
229 1825 389 1915 explicari
413 1834 570 1915 possunt,
604 1826 721 1914 quales
743 1834 819 1891 sunt
839 1826 1058 1908 seeundum,
1086 1836 1120 1894 et
1135 1849 1219 1918 per,

107 1937 142 1995 et
152 1950 309 2014 sursum,
335 1937 437 2016 atque
454 1928 534 1996 inde
550 1937 664 2014 retro,
678 1927 838 2017 qnoniam
854 1939 973 1996 natura
986 1931 1100 1997 omnia
1114 1929 1219 1998 deor-

106 2053 182 2098 sum
195 2031 357 2098 feruntur.
384 2031 440 2098 Ex
453 2032 511 2099 lllo
525 2042 637 2100 autem
649 2031 848 2123 significatu,
871 2032 928 2120 qui
942 2041 995 2100 cst
1007 2032 1219 2118 secundnm,

105 2135 165 2222 qni
186 2142 284 2225 patet
306 2133 479 2218 latissime,
506 2136 568 2202 n'ec
590 2144 720 2202 tantum
741 2133 788 2200 ad
808 2134 939 2220 locum,
965 2136 1026 2202 sed
1052 2136 1220 2204 etiamad

105 2237 172 2304 alia
189 2236 350 2325 refertur,
376 2245 414 2305 ut
435 2230 509 2308 οἷσοῖ
522 2231 675 2331 κράτος,
702 2230 775 2308 dud
789 2237 913 2328 μέρος,
941 2232 1014 2310 civo?
1037 2235 1217 2329 λόγοιςίο

104 2363 185 2407 usus
207 2349 303 2407 natus
325 2349 396 2423 est,
423 2362 491 2429 quo
511 2340 758 2408 distributiones
781 2350 872 2407 certa
896 2364 1109 2409 numerorum
1132 2365 1218 2433 pro-

103 2444 261 2536 portione
276 2444 387 2512 faotae
401 2443 601 2529 iudicantur,
615 2444 649 2512 in
662 2465 732 2533 qno
745 2464 872 2533 genere
881 2466 942 2513 nos
957 2445 1104 2512 similiter
1116 2469 1218 2535 par·-

104 2547 206 2614 ticula
219 2570 266 2614 zu
284 2547 417 2615 utimur.
460 2547 544 2615 Eius
561 2570 638 2616 usus
659 2545 923 2636 antiquissimum
944 2548 1138 2640 exemplum
1158 2571 1218 2618 ex-

104 2650 217 2718 stetin
232 2648 357 2741 Odyss.
375 2677 401 2722 ι.
417 2646 503 2720 2⁰8.

153 2796 223 2876 τοι
250 2797 286 2874 δ’
312 2799 376 2876 ὅτι
401 2799 542 2877 αιίοιιι
566 2801 738 2902 μελιηδέα
766 2799 867 2877 οἶνοι
889 2799 1067 2899 ἐρυθρόν,

156 2906 196 2978 ’ἐι
207 2907 331 3027 ,δέπας
355 2899 537 3006 ἐμπλήσας
543 2961 559 2998 ,
586 2905 719 2989 ὕδατος
744 2900 817 2982 dud
842 2910 955 2982 εἴκοσι
979 2911 1100 3005 μέτρα

155 3036 250 3099 xeos.

104 3163 144 3230 ln
160 3185 230 3252 qno
249 3161 407 3253 exemplo
421 3161 596 3253 quoniam,
621 3169 660 3228 nt
672 3161 707 3229 in
718 3159 892 3254 plerisque
906 3160 996 3244 aliis,
1022 3161 1122 3229 etiam
1135 3182 1215 3228 ver-

104 3266 187 3333 bum
211 3266 273 3332 sibi
298 3267 523 3333 accusativum
544 3267 708 3356 postulat,
741 3265 940 3357 ambiguum
962 3263 1068 3333 videri
1088 3274 1213 3356 potest,
1326 3262 1329 3268 ’

102 3370 269 3461 particula
286 3376 397 3435 utrum
419 3369 623 3460 praepositio
643 3369 744 3437 sitan
761 3367 967 3437 adverbium.
1006 3368 1092 3437 >Sed
1112 3392 1214 3459 prae·
1286 3427 1290 3434 .

103 3472 309 3562 positionem
323 3494 395 3539 esse
408 3473 472 3539 alia
486 3472 640 3562 exempla
656 3471 789 3550 docent,
817 3495 859 3540 ex
874 3473 995 3562 quibus
1010 3473 1087 3540 satis
1100 3471 1214 3541 habeo

103 3597 207 3641 unum
233 3596 499 3644 commemorare
516 3575 650 3666 Polybii
671 3575 714 3644 ll.
731 3572 792 3659 24,
808 3573 868 3646 13.
889 3577 944 3650 ἔτι
960 3574 998 3647 δι’
1011 3567 1086 3668 μῆι
1101 3574 1159 3644 καὶ
1175 3579 1213 3647 ἐι

102 3675 254 3768 Σικελίᾳ
276 3675 337 3749 καὶ
370 3673 536 3773 Τάραντι
564 3671 796 3772 στρατόπεδα
828 3670 891 3750 δύο
922 3670 1212 3772 παριφήδρεοοι·

104 3777 153 3850 ὦν
178 3773 352 3872 ἑκάτεροι
367 3775 412 3873 ἦν
434 3773 512 3851 αἰεὶ
528 3778 829 3873 τετρακισχιλίους
841 3776 900 3852 καὶ
923 3778 1125 3857 διακοσίους
1142 3804 1212 3850 ιιι-ν

103 3875 184 3964 ζούς
192 3935 206 3968 ,
230 3886 349 3961 ἱππεῖς
366 3882 405 3954 δὲ
423 3881 636 3961 διακοσίους.
669 3880 782 3948 Multo
797 3905 860 3952 usu
875 3891 989 3950 tamen
1007 3881 1212 3966 factumest,

102 3993 140 4051 ut
156 3984 324 4074 particula
334 3985 398 4052 ista
409 3984 443 4052 in
461 3985 528 4052 lroc
541 4007 668 4076 genere
682 3986 782 4052 etiam
795 3987 866 4054 sine
880 4005 1035 4076 cusnpro
1051 3983 1212 4051 adverbio

102 4095 297 4176 poneretur.
348 4088 471 4176 Neque
495 4089 584 4156 enim
598 4110 781 4179 perperam
805 4088 931 4157 dictum
945 4086 1134 4181 putandum
1161 4097 1213 4162 est

101 4188 188 4256 illuul
202 4189 237 4256 iu
260 4191 470 4282 Apocalypsi
489 4215 517 4258 o.
539 4189 601 4278 21,
617 4189 678 4263 ul.
702 4185 775 4262 αἰαῖ
795 4191 845 4271 εἷς
868 4197 1034 4277 ἕκαστος,
1061 4199 1098 4256 ut
1117 4186 1211 4261 καθ’

104 4290 176 4380 ιῖς,
203 4293 297 4380 qnod
317 4294 444 4361 notavit
460 4295 628 4371 Lucienus
644 4293 679 4360 in
701 4294 960 4385 Pseudologista
982 4316 1010 4358 c.
1032 4290 1067 4358 9.
1090 4291 1135 4359 Τ.
1151 4291 1211 4360 lll.

51 4491 65 4516 Ι
104 4416 140 4485 p.
158 4392 252 4462 bii(
267 4397 361 4468 Nam
381 4397 480 4466 etiam
500 4397 555 4466 ulii
577 4396 624 4466 sic
640 4396 770 4486 loquuti
791 4404 883 4467 suut:
909 4407 946 4465 ut
960 4393 1158 4466 Plutarchus
1178 4395 1212 4460 in
