2842 4920
460 348 546 411 ΗΒ.
566 348 606 411 ll.
628 383 630 390 ·
651 348 749 414 CAP.
771 354 803 415 1.
825 353 856 416 2'.
965 445 969 449 ⁸
1174 356 1219 419 19

102 540 280 611 consilium
296 537 468 625 facientis,
494 561 562 607 non
584 537 702 623 etiam,
730 563 772 607 an
788 548 985 609 eventurum
999 540 1042 609 sit
1055 542 1149 632 quod
1161 545 1218 614 ille

100 646 184 731 vult,
211 642 361 710 indicare
378 642 483 727 voles,
503 642 658 711 omnibus
674 644 881 734 temporibus
901 644 1087 737 adiungere
1103 648 1219 716 licebit

102 748 295 840 optativum
310 742 405 824 ὅπως
418 747 579 837 yc'uorrot
604 747 655 813 sin
671 768 754 814 vero
772 747 815 815 de
831 757 952 816 eventu
969 748 1132 839 loqueris,
1159 753 1218 842 qui

100 853 171 920 iam
188 858 240 918 est
254 848 416 937 effectus,
443 870 554 937 neque
569 850 693 940 respici
706 850 755 917 vis
769 850 853 918 illud
864 860 1016 942 tempus,
1043 876 1112 944 quo
1128 877 1218 922 non-

102 955 187 1022 dum
217 952 347 1039 evenit,
379 952 568 1019 necessario
595 952 687 1020 dices
716 953 905 1050 ἐποίησεν,
938 951 1033 1034 ὅπως
1059 958 1215 1048 γένοιτο,

103 1055 279 1125 consilinm
292 1056 401 1122 solum
419 1055 620 1145 significans.
671 1056 762 1123 Nam
785 1058 813 1124 si
838 1054 932 1136 ὅπως
952 1058 1100 1154 γένηται
1120 1060 1216 1130 dice-

102 1184 167 1247 res,
194 1167 254 1226 aut
272 1156 549 1245 falsum‘diceres,
579 1160 606 1226 si
619 1172 765 1249 tempus,
791 1181 861 1249 quo
873 1160 1032 1248 loqueris,
1057 1162 1092 1230 in
1104 1173 1217 1232 mente
1335 1218 1337 1222 Α

102 1264 268 1332 haberes:
294 1280 364 1329 non
390 1261 479 1328 eninr
502 1263 646 1355 amplius
668 1262 798 1330 futurus
819 1271 870 1331 est
886 1271 1041 1352 eventus,
1069 1264 1130 1333 sed
1148 1267 1216 1334 iam

101 1364 294 1460 praeteriit:
322 1372 381 1431 aut
400 1364 587 1455 respiceres
603 1375 738 1456 tempus
753 1365 853 1451 illud,
880 1389 950 1454 quo
965 1368 1116 1437 nondum
1134 1392 1216 1439 eve-

103 1478 218 1539 nerat:
246 1465 340 1558 quod
355 1475 390 1536 te
402 1468 493 1536 nolle
509 1469 681 1561 respicere
697 1470 906 1563 sumpsimus.
1003 1535 1005 1537 ,

635 1674 681 1742 Π.

313 1823 381 1895 De
406 1823 705 1895 coniunctivo
723 1792 1008 1919 profuturo.

205 1975 460 2069 Explicabimus
477 1979 647 2070 primodo
664 1981 885 2049 coniunctivo.
937 1980 1006 2065 Qui
1019 1979 1140 2050 modus
1155 1983 1217 2050 etsi

106 2079 199 2172 apud
217 2082 460 2171 antiquissimos
474 2084 519 2151 ita
533 2106 599 2174 pro
618 2083 732 2152 futuro
750 2093 928 2175 usurpatus
944 2094 1004 2170 est,
1029 2091 1077 2168 ut,
1103 2086 1131 2153 si
1142 2087 1216 2176 quis

71 2241 73 2244 .
104 2183 199 2252 verbi
221 2183 346 2253 Graeci
368 2197 521 2254 naturam
543 2188 729 2256 accuratius
747 2187 953 2274 consideret,
980 2186 1134 2257 dubitare
1148 2211 1217 2257 non

106 2288 225 2380 possit,
254 2289 334 2377 quin
347 2291 442 2380 prior
461 2291 574 2358 futuro
595 2291 771 2378 exstiterit,
797 2290 901 2381 idque
921 2313 963 2358 ex
981 2291 1058 2381 ipso
1079 2291 1217 2361 demum

106 2391 270 2482 originem
290 2394 441 2461 traxerit:
466 2402 580 2460 tamen
596 2403 715 2461 natura
737 2417 797 2461 sua
814 2392 915 2463 valde
929 2418 950 2461 a
970 2394 1084 2462 futuro
1102 2394 1217 2463 diver·

107 2516 159 2561 sus
174 2504 243 2578 est,
270 2518 380 2583 neque
401 2518 505 2585 quum
526 2519 593 2586 pro
612 2518 653 2564 eo
666 2498 794 2588 positus
816 2497 955 2580 dicitnr,
981 2496 1018 2563 id
1035 2497 1083 2564 sic
1098 2506 1149 2564 est
1162 2499 1216 2565 in-

106 2596 341 2689 telligendum,
368 2600 450 2667 acsi
466 2598 639 2686 eamdem,
664 2623 767 2689 quam
781 2599 948 2685 futurum,
974 2600 1043 2665 vim
1057 2622 1098 2666 ac
1114 2610 1217 2690 pote·

107 2710 224 2768 statem
236 2700 388 2773 haberet.
439 2703 663 2794 Repugnaret
679 2703 784 2789 enim,
809 2703 845 2770 in
858 2702 981 2790 modo,
1008 2703 1067 2793 qui
1083 2726 1151 2771 non
1166 2712 1218 2773 cst

91 2803 318 2890 indicativus,
344 2804 405 2872 sed
424 2805 602 2873 indicativo
619 2808 811 2898 oppositus,
838 2805 994 2876 eamdem
1008 2807 1078 2875 rim
1098 2808 1216 2894 inesse,

108 2918 262 2996 quaeest
284 2907 319 2974 in
340 2907 539 2996 indicativo,
571 2910 736 2999 siquidem
757 2910 907 2978 futurum
924 2918 1042 3001 aperte
1060 2919 1111 2978 est
1127 2910 1217 2978 indi-

107 3011 242 3078 cativus.
285 3009 524 3079 Coniunctivus
537 3012 640 3103 igitur
657 3035 699 3080 eo
714 3011 830 3078 differt
845 3013 887 3079 ab
906 3012 1085 3080 indicativo
1100 3013 1218 3100 futuri,

106 3112 200 3202 quod
214 3136 285 3180 non
304 3123 417 3205 potest
432 3137 497 3205 per
510 3137 546 3182 se
568 3115 657 3183 solus
671 3114 832 3205 intelligi,
860 3112 938 3193 scd,
963 3122 1001 3180 nt
1021 3115 1132 3204 ipsum
1151 3133 1216 3181 no-

105 3238 184 3285 men
203 3207 330 3285 indicat
336 3271 350 3306 ,
384 3216 519 3285 aliunde
548 3218 700 3309 pendere
727 3216 839 3285 debet.
891 3214 933 3283 ld
958 3223 1090 3303 autem,
1124 3210 1223 3285 unde
1318 3213 1320 3216 ’
1352 3205 1355 3216 “

104 3318 244 3412 pendet,
265 3342 370 3408 quum
384 3321 585 3413 plerumque
599 3320 750 3389 additum
766 3320 959 3405 inveniatur,
984 3329 1097 3388 tamen
1111 3343 1216 3413 saepe

106 3423 206 3491 etiam
231 3424 408 3509 omittitur,
435 3425 514 3512 quia
536 3449 640 3517 saepe
665 3426 813 3516 positum
832 3433 883 3493 cst
903 3424 938 3491 in
953 3424 1100 3492 obscura
1116 3425 1216 3517 eogi-

105 3526 231 3594 tatione
253 3526 400 3595 incertae
422 3528 558 3596 alicuius
576 3552 731 3618 caussae,
759 3550 801 3595 ex
821 3526 986 3619 qua-quid
1001 3527 1215 3618 proditurum

105 3629 155 3696 sit.
175 3700 179 3709 ,
208 3628 310 3718 Isque
327 3640 377 3698 est
387 3653 466 3698 usus
484 3632 685 3699 coniunctivi
700 3631 946 3716 deliberativus,
973 3640 1010 3698 ut
1023 3653 1126 3719 quum
1140 3631 1215 3719 quis

105 3731 188 3800 dicit
203 3733 267 3821 ἴω,
290 3733 385 3823 quod
407 3742 472 3820 est,
499 3735 526 3802 si
546 3735 647 3826 plene
666 3734 779 3802 dicere
793 3734 963 3819 volcmuS,
989 3728 1216 3833 duptcssoroi,

106 3837 138 3906 ai
151 3836 208 3906 ἴω.-
258 3838 351 3928 Apte
365 3839 553 3927 comparari
565 3847 678 3929 potest
694 3837 820 3927 duplex
833 3835 965 3919 modus,
986 3856 1055 3925 quo
1070 3835 1107 3904 id
1122 3835 1215 3904 Ger-

105 3938 196 4005 mani
211 3937 363 4026 dicimus,
390 3941 475 4008 alter
494 3964 571 4009 cum
587 3941 708 4009 eadem
722 3939 849 4031 ellipsi,
875 3961 943 4029 qua
958 3936 1093 4026 Graeci,
1118 3940 1215 4032 gelre
1253 3926 1263 3943 ⁸

104 4039 203 4125 ich,
220 4043 304 4110 alter
323 4052 456 4112 servata
478 4045 660 4136 particula,
687 4053 720 4116 et
741 4042 846 4110 verbo
858 4051 987 4110 tantum
1000 4042 1141 4130 omisso,
1170 4042 1215 4123 ob

105 4140 166 4212 ich
181 4145 288 4237 gelre.
340 4147 393 4217 Ac
413 4147 580 4216 veterrimi
601 4146 745 4236 Graeci,
769 4144 919 4213 nondum
936 4155 1074 4236 reperto
1089 4143 1214 4230 futuro,

105 4249 265 4337 quoniam
289 4248 455 4340 quidquid
479 4251 629 4318 futurum
649 4259 718 4336 est,
743 4249 906 4317 incertum
933 4258 1002 4337 est,
1029 4250 1214 4339 quaerique

23 4406 26 4414 .
106 4350 151 4420 de
179 4376 222 4421 eo
247 4361 352 4444 atque
373 4353 503 4448 ambigi
526 4361 658 4448 potest,
690 4360 929 4434 eventurumne
952 4353 994 4420 sit
1017 4374 1060 4421 an
1080 4374 1147 4419 non
1172 4352 1219 4420 sit
