2842 4920
148 370 171 433 4
347 315 350 321 ’
489 360 548 423 nr
575 359 849 424 rrnrrevnr
873 356 912 426 tv

153 555 340 650 optandum
361 561 433 643 est,
457 563 496 623 ut
519 554 593 645 quis
615 575 714 626 usum
734 553 855 625 harum
874 554 1114 648 particulamm
1139 578 1263 624 secun-

153 662 236 729 dum
253 650 409 751 ‘tempora
434 667 468 726 et
493 668 612 752 gentes
637 668 671 727 et
686 683 813 752 genera
830 659 998 728 scribendi
1020 659 1181 750 deinceps
1203 682 1263 726 or-

154 765 231 832 dine
251 771 492 855 persequatur,
522 774 637 830 tamen
655 762 742 831 haec
763 788 817 832 res
840 772 910 831 tam
929 764 1045 830 infiniti
1068 764 1180 854 operis
1200 773 1263 851 est,

153 876 191 936 ut
206 890 273 960 ego
287 867 425 956 quidem
440 866 522 933 mihi
533 867 576 932 ab
591 889 630 933 ea
645 866 879 935 abstinendum
891 865 1091 957 putaverim,
1116 866 1264 955 satisque

154 971 325 1053 duxerim,
355 970 475 1037 veteris
499 977 628 1036 tantum
652 971 812 1038 sermonis
833 981 866 1038 et
890 971 960 1038 eius
983 969 1041 1058 qui
1064 969 1263 1038 cultissimus

151 1072 297 1167 liabetur
312 1071 586 1140 consuetudinem
602 1074 785 1164 respicere,
812 1097 854 1141 ex
866 1075 904 1141 iis
919 1088 1040 1158 autem,
1059 1095 1147 1161 quae
1165 1073 1263 1141 laba-

153 1200 248 1245 scens
260 1175 434 1243 Graecitas
443 1176 504 1243 sibi
511 1174 657 1264 indulsit,
670 1200 737 1244 non
745 1178 806 1245 nisi
816 1177 872 1244 hic
886 1178 953 1243 illic
967 1175 1093 1265 aliquid
1103 1174 1263 1248 delibare.

256 1279 321 1347 Est
339 1288 452 1346 autem
466 1279 509 1346 de
525 1279 697 1369 particulis
715 1278 761 1353 civ
777 1289 811 1347 et
827 1281 886 1352 κὲν
902 1279 1033 1346 dicturo
1057 1287 1134 1346 ante
1151 1280 1265 1347 omnia

24 1408 27 1413 ·
153 1381 245 1451 unde
268 1389 363 1450 ortae
389 1383 455 1450 sint
481 1383 721 1471 quaerendum.
782 1384 934 1467 Quarum
955 1405 1061 1471 quum
1092 1381 1263 1474 Georgius

153 1485 312 1568 Dunbar,
337 1485 395 1575 qui
413 1485 456 1551 de
476 1486 514 1552 iis
534 1485 800 1557 dissertationem
821 1486 941 1570 edidit,
966 1487 1106 1553 alteram
1125 1485 1264 1576 partici-

153 1589 248 1680 pium
265 1610 337 1655 esse
357 1588 452 1656 verbi
477 1588 649 1655 cuiusdam
668 1585 757 1678 οἷμί,
784 1590 878 1679 quod
899 1590 989 1657 idem
1011 1589 1051 1656 sit
1065 1599 1167 1678 atque
1181 1586 1264 1672 ἐρέω,

154 1692 294 1759 alteram
317 1713 358 1758 ex
378 1691 577 1781 imperativo
603 1692 699 1759 verbi
724 1693 807 1774 κε’ω,
834 1693 928 1782 quasi
946 1715 1044 1784 pone
1066 1692 1177 1778 dicas,
1209 1693 1265 1758 fa·

154 1802 243 1861 ctam
253 1802 360 1884 putat,
376 1794 463 1863 adeo
479 1794 545 1860 hae
556 1794 660 1860 mirae
671 1802 746 1861 sunt
764 1804 798 1861 et
810 1794 1022 1863 incredibiles
1032 1796 1265 1877 derivationes,

153 1906 191 1965 ut
221 1919 276 1963 eas
299 1896 446 1963 refutare
467 1917 536 1961 non
558 1894 711 1961 videatur
731 1899 1026 1988 operaepretium
1050 1921 1133 1969 esse.
1185 1899 1265 1966 Non

154 2000 303 2067 omnium
315 1998 556 2087 particularum
571 1997 708 2064 inveniri
727 2000 825 2090 origo
845 2008 975 2089 potest,
1002 1999 1064 2067 sed
1082 2000 1203 2067 multas
1222 2022 1265 2068 ex

154 2102 227 2169 aliis
248 2101 420 2190 particulis
437 2109 529 2168 natas
549 2123 623 2168 esse
638 2110 790 2191 apparet.
843 2102 948 2184 Quod
969 2103 1096 2169 factum
1122 2112 1173 2170 est
1195 2125 1265 2170 non

155 2205 265 2272 solum
280 2204 432 2295 pluribus
448 2203 482 2271 in
496 2227 598 2271 unam
619 2204 877 2296 coniungendis,
905 2205 1019 2294 quales
1035 2212 1110 2272 sunt
1124 2203 1213 2297 γοῦν
1230 2214 1265 2272 et

153 2300 246 2403 yolo,
273 2307 327 2375 vel
350 2302 467 2400 ἀμφί,
492 2307 514 2374 i.
532 2331 561 2375 e.
583 2304 716 2401 niveos·
751 2307 928 2377 sedetiam
951 2330 1042 2374 nunc
1066 2307 1264 2392 mutilando,

153 2418 191 2477 ut
211 2431 253 2478 ex
270 2411 353 2507 πέρι
370 2409 437 2506 πὲρ
452 2410 597 2493 factum3
618 2433 709 2478 nunc
726 2413 912 2504 correptius
924 2410 1200 2501 pronunciando,
1225 2420 1265 2478 ut

154 2534 197 2581 ex
222 2505 315 2608 μήν,
352 2504 414 2608 δή,
448 2510 509 2586 rol
529 2514 723 2582 exstiterunt
741 2516 828 2606 μέν,
865 2515 924 2602 ds',
957 2515 1019 2606 re'5
1050 2514 1265 2582 nuncetiam

152 2623 296 2705 utraque
310 2616 440 2683 ratione
461 2617 655 2704 coniuncta,
681 2627 719 2684 ut
738 2639 780 2684 ex
795 2617 860 2688 νῦν
874 2617 1065 2685 dictumest
1080 2612 1133 2690 ud.
1184 2617 1265 2684 Hu-

152 2717 297 2787 iusmodi
315 2719 419 2786 multa
437 2722 592 2817 exempla
608 2721 708 2788 etiam
720 2720 755 2786 in
770 2718 973 2787 Germanica
988 2722 1104 2813 lingua
1125 2728 1263 2789 exstant.

153 2821 205 2889 lta
219 2820 315 2890 doch
330 2844 372 2890 ex
388 2821 440 2890 da
455 2823 563 2913 anch,
583 2822 678 2892 noch
693 2845 735 2891 ex
746 2822 845 2890 nach
858 2823 955 2893 auch
970 2825 1133 2896 exstitere.
1166 2824 1264 2892 Aliae

155 2946 198 2993 ex
215 2925 402 2992 nominibus
422 2924 592 2994 adiectivis
608 2928 719 2994 factae
735 2936 828 3012 sunt,
854 2934 892 2994 ut
912 2920 1004 2999 ἄλλοί
1013 2952 1027 3018 ,·
1052 2928 1107 2994 vel
1122 2949 1164 2995 ex
1178 2950 1264 3017 pro-

153 3027 354 3114 nominibus,
378 3036 416 3094 ut
431 3025 515 3120 610,-
538 3031 652 3099 velex
675 3030 859 3111 adverbiis,
886 3038 923 3096 ut
937 3023 1033 3108 nod,
1059 3024 1152 3120 πῶς
1178 3030 1264 3097 aliae

153 3152 199 3200 ex
211 3131 322 3200 verbis
339 3139 414 3200 sunt
430 3131 610 3220 derivatae,
635 3142 673 3201 ut
686 3131 758 3227 ἄρα
767 3161 781 3223 ,·
807 3133 887 3222 quin
903 3133 1002 3199 etiarn
1015 3133 1147 3224 integra
1159 3134 1265 3201 verba

154 3243 212 3303 ant
229 3235 477 3303 enunciationes
491 3235 524 3302 in
547 3234 727 3326 particulas
746 3257 864 3305 versae
886 3242 977 3319 sunt,
1003 3242 1041 3302 ut
1055 3231 1182 3326 ἀμέλει
1188 3289 1203 3324 ,
1230 3245 1265 3304 et

154 3337 250 3428 apud
263 3358 446 3423 noszwar,
462 3338 557 3424 quod
570 3346 620 3405 est
635 3360 675 3404 er
686 3360 724 3405 es
739 3335 789 3405 ist
801 3336 908 3405 waler
922 3326 1138 3404 contractum.
1165 3338 1264 3406 Haec

154 3441 215 3529 qui
241 3439 519 3526 consideraverit,
554 3463 622 3508 non
646 3439 829 3528 dubitabit,
862 3439 1003 3532 opinor,
1035 3439 1117 3530 quin
1146 3439 1191 3514 civ
1221 3464 1264 3512 cx

78 3538 81 3543 ’
155 3540 226 3616 ἄνα
236 3597 250 3631 ,
278 3540 337 3615 κέν
352 3551 464 3610 autem
483 3565 525 3611 ex
537 3544 598 3615 καὶ
615 3543 655 3612 sit
670 3552 789 3612 ortum.

256 3643 303 3711 Et
319 3670 357 3717 κε
379 3645 517 3734 quidem
536 3669 636 3715 nemo
650 3669 719 3714 non
738 3647 829 3716 videt
846 3669 947 3736 quam
963 3645 1005 3715 sit
1019 3646 1119 3716 etiam
1133 3647 1263 3741 signiti-

155 3755 232 3816 catn
250 3770 327 3815 cum
341 3748 507 3838 particula
529 3749 588 3820 καὶ
607 3760 761 3842 cognata.
812 3750 929 3818 Habet
953 3751 1042 3818 enim
1064 3750 1123 3824 καὶ
1144 3760 1264 3819 natura

155 3874 216 3920 sua
238 3850 306 3917 vim
330 3851 511 3940 quamdam
538 3853 713 3938 dilatandi,
741 3864 795 3941 ut,
824 3852 870 3920 de
893 3876 962 3942 quo
987 3853 1124 3942 dicitur,
1154 3854 1192 3921 id
1219 3854 1264 3921 de

146 3942 306 4045 'pluribus
329 3976 431 4021 unum
449 3955 589 4047 intelligi
610 3957 744 4024 indicet.
795 3955 900 4046 Atqui
923 3978 965 4025 eo
992 3956 1093 4043 illud,
1124 3956 1169 4024 de
1194 3979 1264 4046 quo

155 4056 286 4140 dicitur,
310 4057 562 4146 quodammodo
572 4060 737 4127 incertum
748 4061 797 4146 lit,
822 4067 859 4125 ut
874 4058 968 4148 qnod
982 4082 1051 4128 non
1065 4061 1264 4128 necessitate

154 4158 319 4248 quadam,
345 4159 407 4228 sed
424 4162 532 4255 magis
546 4166 610 4253 pro
627 4164 794 4254 exemplo,
821 4163 932 4250 qualia
946 4163 1047 4253 plura
1063 4163 1135 4249 sint,
1167 4184 1263 4230 com-

65 4268 68 4272 ⁴
153 4271 368 4334 memoretur.
393 4263 560 4355 Apertum
569 4274 619 4334 est
634 4267 731 4353 enim,
745 4288 847 4356 quam
860 4288 984 4355 parum
999 4266 1134 4352 intersit,
1150 4274 1264 4333 utrum

155 4361 255 4446 desa
274 4370 376 4447 decis
390 4366 645 4466 ἐπιπείθηται,
671 4393 716 4438 an
735 4369 774 4453 ὃς
798 4366 859 4443 καὶ
883 4373 985 4450 θεοῖς
1008 4364 1263 4464 ἐπιπείθηται·
