2842 4920
481 328 953 438 ιιιειιιιιιιιο.
1204 383 1271 450 ιιι

165 561 240 632 dice
263 562 471 655 cogitarunt,
497 586 559 631 cur
580 585 648 633 non
675 561 845 651 dixemnt,
872 563 1170 658 comprehendisse
1190 592 1268 642 eum

164 688 280 735 omnes
295 667 396 735 totius
408 667 564 758 tn‘logiae
578 688 754 758 personas,
779 668 1070 759 praemissumque
1084 670 1268 766 fuissepri·
1379 702 1383 711 ⁴

161 792 238 838 mae
254 769 470 863 tragoediae:
495 770 585 856 inde,
604 792 708 859 quum
721 772 905 862 separatim
920 771 1168 842 describeretur
1179 775 1268 844 Pro-

161 872 316 941 matheus
331 874 490 956 Vinctus,
515 873 741 964 negligentius
762 874 942 965 repetitum
961 897 1055 959 esse,
1081 898 1149 945 non
1171 877 1267 952 dele-

160 976 209 1070 tis
224 976 398 1062 omnihus,
431 998 519 1065 quae
543 975 728 1044 omittenda
749 976 908 1064 fuissent,
942 979 1158 1048 nominibus?
1194 981 1267 1060 Sed

160 1088 280 1169 patere
295 1080 450 1168 arbitror,
475 1079 544 1147 hoc
559 1101 696 1168 quoqne
713 1103 815 1168 quam
834 1079 945 1172 exigui
960 1105 1001 1150 ac
1014 1083 1127 1173 potius
1144 1084 1267 1154 nullius

160 1182 201 1249 sit
212 1181 383 1273 ponderis.
435 1182 635 1250 Aliasciens
649 1193 838 1273 praetereo,
864 1194 901 1250 ut
915 1183 959 1251 de
977 1186 1097 1273 quibus
1119 1186 1197 1255 alibi
1211 1185 1267 1255 di·

159 1285 275 1352 xcrim.
328 1286 450 1376 Neque
466 1307 552 1375 opus
574 1295 643 1373 est,
670 1307 758 1374 quae
778 1294 958 1377 utcumque
979 1287 1122 1376 defensa
1142 1313 1207 1382 per
1229 1313 1267 1360 se

160 1387 284 1455 cadere
299 1411 438 1457 necesse
453 1398 520 1475 est,
545 1388 666 1456 iterum
680 1389 838 1472 refutare.

262 1490 411 1559 Tantum
427 1491 523 1559 abest
535 1491 654 1583 igitur,
678 1501 717 1559 at
734 1491 998 1559 demonstratum
1013 1493 1064 1579 sit,
1090 1502 1158 1561 tres
1175 1495 1265 1564 Pro·

156 1593 312 1662 metheos
333 1617 400 1663 ana
418 1595 519 1662 fuisse
539 1595 676 1686 trilogia
697 1595 907 1680 coniunctos,
933 1604 972 1660 ut
992 1594 1028 1661 id
1045 1596 1099 1662 vel
1120 1598 1265 1666 maxime

157 1695 299 1764 dubium
314 1720 449 1771 manere
462 1697 625 1767 videatur.
675 1697 722 1765 Et
737 1698 809 1786 quis
823 1719 890 1764 non
905 1697 1054 1784 miretur,
1080 1698 1174 1787 qnod
1186 1700 1265 1768 nul-

156 1800 208 1867 lus
224 1800 368 1893 scriptor
382 1799 658 1870 Prometheidem
672 1799 836 1890 Aeschyli
849 1799 1072 1868 memoravit?
1086 1801 1222 1870 Etenim
1236 1803 1264 1871 ai

154 1904 382 1994 Agamemno,
397 1902 609 1994 Choephori‚
621 1903 825 1971 Eumenides
840 1925 963 1970 nomen
972 1903 1162 1972 hahuerunt
1171 1902 1263 1972 Ore
1388 1974 1391 1979 ,

156 2015 267 2088 steae3
292 2006 405 2075 Edoni
418 2015 542 2090 autem,
568 2004 775 2089 Bassaridas,
800 2005 967 2091 Neanisci,
995 2029 1072 2074 cum
1086 2007 1262 2099 Lycurgo,

153 2096 366 2202 Lycurgiae.
391 2111 499 2178 multo
513 2109 622 2200 magis
639 2118 899 2178 consentaneum
920 2118 1008 2193 erat,
1033 2119 1102 2178 tres
1118 2110 1262 2201 fabulas,

154 2235 244 2303 quae
264 2235 380 2281 omnes
404 2221 515 2281 essent
531 2213 725 2282 Promethei
739 2213 872 2301 nomine
893 2212 1092 2304 inscriptae,
1117 2215 1264 2283 Prome*

153 2315 304 2384 thaidem
324 2338 397 2384 esse
413 2316 630 2408 appellatam.
681 2315 754 2385 Sed
772 2338 851 2383 casu
866 2316 995 2383 factum
1009 2316 1140 2397 dicent,
1166 2315 1263 2406 quod

152 2418 240 2486 illud
266 2442 390 2489 nomen
417 2441 486 2487 non
513 2418 688 2487 invenitur.
739 2418 914 2490 Fortasse:
944 2418 1049 2486 modo
1078 2419 1180 2487 fuerit
1205 2416 1263 2486 iila

105 2524 108 2528 ’
152 2522 375 2596 Prometheis.
411 2522 459 2589 At
474 2521 642 2592 fateantur
659 2530 771 2588 tamen
787 2542 925 2587 necesse
941 2528 1001 2604 est,
1032 2519 1059 2587 si
1074 2519 1165 2586 nulla
1186 2521 1261 2604 fuit,

152 2647 223 2706 non
236 2624 424 2693 mirandum
433 2646 518 2709 esse,
535 2623 628 2714 quod
643 2647 686 2692 ne
701 2636 826 2690 nomen
835 2621 972 2711 quidem
989 2634 1039 2688 est
1053 2630 1260 2714 usurpatum.

256 2728 401 2797 Accedit
415 2725 518 2801 alind.
546 2726 652 2812 Quod
661 2725 818 2818 Hyginus
828 2725 958 2816 scripsit
972 2725 1006 2792 in
1019 2725 1115 2792 Poet
1124 2726 1258 2794 Astron.
1293 2776 1299 2808 ,

151 2831 198 2904 ll.
217 2827 278 2906 15.
294 2855 330 2924 p.
347 2828 435 2899 456.
461 2831 720 2900 Prometheum
741 2828 917 2898 antemio
937 2837 1057 2897 monte
1072 2826 1287 2921 Scythiae}

151 2934 296 3004 nomine
312 2935 482 3005 Caucaso
487 2933 627 3028 ferrea
638 2940 774 3002 catena
789 2931 924 2999 vinxit:
941 2954 1045 3021 quem
1058 2931 1260 3025 alligatum

151 3039 209 3107 od
231 3037 391 3131 triginta
411 3038 530 3106 millio
550 3056 730 3105 annorum
745 3032 953 3123 Aeschylus
970 3035 1260 3151 tragoediarum

152 3141 317 3235 scriptor
332 3141 397 3229 ait,
414 3141 506 3209 idad
518 3138 760 3209 Ptometheum
772 3135 958 3228 lgniferum
970 3133 1139 3226 pertinere
1157 3135 1260 3204 scho-

151 3245 265 3314 liastes
293 3245 338 3312 ad
363 3245 476 3312 Vincti
498 3267 530 3313 v.
557 3241 618 3312 94
644 3249 826 3310 monstrat:
852 3242 890 3312 a'v
910 3263 980 3330 γαρ
1006 3265 1057 3332 τῳ
1081 3229 1258 3333 πυρφᾰρφ
1405 3340 1406 3343 ¹

151 3353 250 3443 τρεῖς
264 3341 446 3442 μυριάδας
466 3371 551 3445 φησι
542 3345 738 3419 δεδέσθαι
761 3334 887 3416 αὐτόν.
939 3341 1055 3424 Haec,
1081 3340 1109 3408 si
1130 3340 1261 3432 lgnifer

150 3472 232 3542 pars
254 3449 410 3542 trilogiae
429 3449 491 3516 fuit
498 3459 653 3543 a,perte
678 3454 868 3540 repugnant
888 3444 948 3528 iis,
973 3467 1062 3534 quae
1084 3445 1117 3512 in
1136 3443 1259 3516 Vincta

152 3552 234 3620 dicit
253 3553 493 3635 Prometheus,
518 3553 617 3620 tertia
638 3551 771 3620 decima
790 3547 966 3615 hominum
985 3547 1202 3639 generatione
1222 3570 1260 3614 se

152 3655 299 3749 solutum
318 3680 338 3723 e
360 3655 529 3723 vinculis
519 3657 577 3742 ari,
603 3655 661 3744 qui
679 3663 756 3722 sunt
769 3651 846 3719 anni
864 3650 995 3718 circiter
1012 3648 1256 3740 quadringenti.

124 3788 127 3794 ’
151 3758 237 3829 Scio
260 3757 392 3826 duobus
419 3758 530 3826 modis
552 3756 718 3844 removeri
744 3755 832 3822 hanc
855 3752 1112 3845 repugnantiam
1134 3772 1256 3842 posse:

150 3883 238 3945 uno,
264 3861 293 3928 si
316 3862 446 3929 linitum
468 3883 644 3929 numerum
665 3882 731 3952 pro
749 3857 876 3926 infinito
900 3856 1105 3923 nominatum
1129 3863 1256 3923 statua·

150 3986 247 4034 mus:
270 3965 372 4061 veluti
388 3963 625 4058 τριςμυριιτῆ
639 3987 795 4057 χρονοι
780 4012 792 4051 ,
785 3957 937 4043 ·altero,
964 3981 991 4024 ιι
981 3956 1165 4024 destinata
1177 3980 1254 4047 qur

152 4066 233 4139 dem
247 4089 381 4158 poenae
396 4075 571 4189 pptemus·
572 4066 615 4132 ab
630 4065 711 4132 love
728 4063 863 4171 triginta
876 4060 979 4128 millia
995 4083 1168 4144 annorum,
1195 4059 1264 4132 sed
1371 4149 1372 4153 Ἰ

150 4170 325 4240 remissam
347 4170 525 4238 maximam
543 4170 612 4237 eius
632 4167 736 4259 spatii
756 4163 888 4258 part'em
904 4186 996 4250 esse,
1023 4186 1128 4252 quum
1151 4161 1255 4233 Chiro

152 4270 375 4343 Centaurus
365 4295 400 4339 ιιι
427 4271 555 4341 Orcum
581 4271 674 4339 abire
698 4268 879 4336 decresset.
933 4265 1005 4334 Sed
1030 4277 1142 4334 tamen
1163 4266 1255 4357 prius

150 4374 234 4444 illud
253 4399 323 4444 non
343 4385 394 4444 est
418 4375 597 4463 credibile.
625 4372 784 4443 vidissent
804 4372 915 4456 enim,
940 4370 1000 4458 qui
1022 4370 1184 4462 legebant
1201 4368 1256 4437 la-

202 4493 326 4564 Hunos
352 4491 419 4568 Or.
438 4495 496 4565 lv.
1014 4487 1089 4556 R
