2842 4920
151 341 194 403 80
241 385 243 391 Α
494 338 548 396 DE
587 336 869 398 Panxrcvnx
895 331 942 401 riv

47 588 48 593 ,
156 538 362 617 eventurum,
389 550 457 595 non
470 525 643 596 habebant
659 529 760 596 alium
775 529 870 597 verbi
887 527 1037 614 modum,
1063 550 1132 617 quo
1146 527 1265 597 -futura

154 634 353 718 indicarent,
381 655 481 720 quam
492 630 583 698 hunc
596 633 707 723 ipsum
720 633 861 700 modum
876 631 1140 700 deliberativum.
1192 631 1265 700 lta-

155 760 223 827 que
244 760 286 804 eo
307 744 383 802 sunt
404 736 472 821 nsi,
500 734 609 802 donec
634 735 749 803 futuro
770 737 921 820 invento,
947 736 1005 803 nbi
1028 734 1111 823 quid
1132 734 1265 826 simpli-

155 842 238 908 citer
256 841 405 907 futurum
420 838 532 905 dicere
554 838 694 925 vellent,
721 838 824 906 futuri
839 840 983 906 formam
1002 861 1164 929 usurpare
1181 861 1264 907 coe-

153 952 296 1034 perunt,
333 942 578 1009 coniunctivum
609 953 721 1009 autern
751 942 798 1009 ibi
823 951 953 1009 tantum
981 950 1170 1028 servarunt,
1204 941 1266 1009 ubi

154 1048 265 1135 aliqua
280 1044 483 1131 'deliberatio
500 1044 613 1111 locum
629 1045 757 1113 habere
779 1045 957 1113 videretur.
1008 1045 1063 1112 Ea
1082 1067 1163 1112 vero
1183 1044 1264 1143 illuc

153 1150 260 1238 redit,
287 1158 323 1215 ut
339 1171 402 1238 per
427 1148 673 1217 coniunctivum
690 1149 880 1216 coniectura
893 1149 1005 1237 aliqua
1021 1147 1065 1215 de
1083 1170 1142 1236 eo,
1169 1146 1264 1236 qnod

86 1333 90 1339 .
155 1253 276 1320 debeat
295 1252 386 1334 fieri,
412 1250 587 1319 indicetur.
638 1251 736 1320 Vnde
754 1251 827 1319 fere
853 1251 1056 1319 Germanice
1074 1252 1136 1318 ista
1155 1251 1263 1318 verbo

154 1356 269 1423 sollers
285 1354 364 1421 licet
384 1355 582 1444 exprimere.
635 1354 831 1424 Cuiusmodi
848 1355 932 1423 nihil
947 1356 1032 1424 inest
1050 1355 1085 1422 in
1106 1354 1183 1447 ipso
1205 1352 1263 1422 fu·

152 1468 238 1527 turo.
290 1458 342 1525 Ita
357 1456 451 1524 Iliad.
468 1486 501 1529 aa
519 1455 603 1526 262.

256 1590 300 1667 ου’
327 1590 396 1689 γάρ
422 1620 476 1665 πω
503 1592 626 1675 τοίους
652 1597 731 1670 ἴδοο
758 1591 887 1692 α’τέρας
914 1589 999 1668 οὐδὲ
1026 1595 1169 1687 ἴδωμαι.

153 1731 190 1800 Si
206 1728 350 1827 ὄψομαι
366 1731 520 1821 dixisset,
546 1754 619 1799 rem
636 1744 762 1800 certam
776 1757 847 1801 esse
860 1733 1050 1818 indicasset,
1075 1754 1147 1800 non
1161 1730 1263 1799 vide-

153 1834 221 1917 bo,·
247 1836 273 1902 si
299 1833 458 1929 ἰδοῖμηο,
484 1833 690 1924 prodidisset
715 1836 907 1927 opinionem
920 1859 1034 1924 suam,
1065 1858 1153 1922 non,
1184 1834 1263 1928 opi-

151 1959 240 2024 nor,
264 1937 421 2005 videam.
473 1937 572 2004 Nunc
598 1938 806 2006 coniunctivo
832 1962 929 2024 usus,
955 1963 1023 2007 non
1047 1962 1120 2007 esse
1139 1938 1261 2030 signifi·

45 2075 48 2082 ·
154 2050 226 2128 cat,
258 2048 295 2106 nt
318 2041 447 2107 visurus
465 2039 522 2125 sit,
556 2039 575 2109 i.
600 2065 629 2109 e.
651 2064 724 2109 nora
747 2040 861 2110 debeo
879 2042 1022 2127 videre,
1056 2043 1124 2108 sive
1147 2041 1263 2126 mavis,

151 2166 224 2211 non
248 2141 421 2234 reperiar
447 2141 581 2210 videre.
633 2145 704 2210 Nos
726 2144 761 2210 id
784 2145 1038 2212 accommodate
1061 2144 1107 2210 ad
1128 2143 1264 2211 Graeca

153 2246 312 2330 dicemur,
327 2244 420 2311 noch
431 2245 501 2312 soll
511 2232 769 2313 ichsieeehen:
795 2269 863 2336 qno
874 2248 1110 2339 significamus,
1124 2269 1191 2313 non
1201 2268 1263 2313 ex-

13 2345 24 2461 ἰ
152 2346 375 2440 spectandum
383 2346 420 2414 id
434 2371 516 2415 esse.
543 2347 671 2434 Iliadg.
686 2345 771 2417 459.
791 2348 894 2442 (479.
908 2378 937 2448 η.
956 2348 1017 2417 87.
1034 2347 1102 2421 0d.
1112 2357 1138 2434 ζ.
1156 2343 1262 2441 2Ί5.)

253 2482 315 2556 eoi
339 2485 432 2558 ποτέ
455 2511 511 2565 τις
533 2486 662 2582 εἴπῃσι.
695 2538 696 2541 ¹

151 2623 231 2690 Non
260 2621 358 2690 dicet
383 2623 535 2714 aliquis,
568 2647 679 2713 neque
701 2624 807 2693 dicat
836 2624 981 2717 opinor,
1007 2633 1045 2691 ut
1065 2624 1092 2690 si
1112 2627 1188 2718 ἐρεῖ
1208 2624 1262 2691 vel

152 2726 250 2795 εἴποι
277 2724 431 2806 dixisset,
458 2726 536 2809 sed,
564 2728 852 2820 exspectandum
874 2737 947 2812 est,
973 2736 1015 2796 ut
1038 2727 1261 2818 quisdicat:

27 2832 31 2842 '
152 2827 206 2895 da
220 2827 292 2896 soll
304 2828 400 2896 wohl
416 2829 515 2897 einer
527 2830 660 2922 angen.
714 2829 839 2921 Odyss.
854 2858 890 2903 rr.
906 2829 992 2899 437.

255 2961 319 3038 οὐκ
335 2961 419 3039 ἔσθ’
436 2963 542 3048 οὗτος
559 2962 666 3069 οἶνήρ,
694 2963 776 3040 οὐδ’
791 2969 950 3055 ἔσσεται,
980 2961 1065 3039 οὐδὲ
1079 2967 1233 3062 γένηται.
1257 3052 1260 3057 ἦ

154 3098 238 3170 Non
262 3113 335 3190 est,
362 3105 589 3196 pepercerit,
615 3127 731 3197 neque
739 3103 865 3197 fuisse
881 3104 1117 3197 reperiatur:
1149 3124 1188 3170 eo
1212 3101 1260 3171 iat

61 3227 64 3239 ·
123 3200 291 3290 'hainen
327 3209 422 3277 noch
442 3210 539 3278 wird
561 3209 661 3277 einer
687 3231 795 3299 seyr,
831 3209 926 3276 οοοῖο
947 3209 1018 3277 soll
1041 3207 1137 3275 meld
1160 3205 1261 3273 einer

149 3331 318 3400 geweoen
334 3333 432 3402 aeyn.
484 3313 575 3379 Nam
587 3312 614 3378 si
633 3311 828 3402 explicatius
843 3312 911 3376 vim
925 3310 1127 3378 coniunctivi
1143 3308 1260 3376 decla·

150 3413 217 3478 rari
237 3413 349 3496 voles,
375 3413 461 3480 haec
488 3415 570 3500 erit,
594 3435 662 3480 non
684 3436 757 3481 esse
780 3413 1061 3504 exspectandum,
1095 3421 1133 3480 nt
1157 3411 1260 3481 fuisse

37 3512 40 3517 ’
96 3507 100 3516 ’
150 3514 297 3603 aliquem
314 3516 472 3606 reperias.
524 3515 666 3585 Videtur
687 3524 798 3583 autem
815 3516 884 3584 hoc
902 3517 1039 3604 quidem
1055 3517 1090 3583 in
1103 3516 1181 3582 loco
1196 3515 1258 3607 γέ-
1292 3525 1293 3528 ’

150 3643 256 3714 οηται
276 3619 322 3686 sic
341 3619 466 3686 dictum
480 3641 570 3704 esse,
597 3629 634 3686 nt
652 3620 827 3711 propriam
850 3621 962 3688 amisti
981 3619 1260 3711 significationem

149 3718 284 3789 habeat.
337 3721 409 3790 Sed
422 3722 455 3790 in
469 3721 522 3789 his
537 3721 605 3794 Od.
623 3731 649 3808 ζ.
665 3721 749 3790 201.

253 3854 317 3930 οὐκ
333 3855 418 3932 ἔσθ’
436 3854 542 3938 οὗτος
557 3852 648 3953 οἷοήρ
666 3851 783 3950 διορός
798 3850 941 3951 βροτός,
971 3853 1054 3930 οὐδὲ
1069 3858 1227 3952 γένηται,

254 3958 291 4040 ὅς
306 3989 365 4033 κεν
383 3955 551 4054 Φαιήκων
568 3957 709 4058 ἀνδρῶν
725 3967 759 4043 ἐς
774 3967 881 4053 γαῖαν
899 3967 1020 4057 ἵκηται

200 4153 202 4157 y
252 4064 426 4162 δηϊοτῆτα
442 4065 560 4160 φέρων
567 4118 581 4153 ,

149 4212 184 4271 et
196 4231 236 4298 μ.
251 4200 336 4270 191.

197 4360 201 4375 ’
250 4341 353 4434 ἴδμεν
371 4334 429 4427 δ’,
457 4335 547 4411 ὅσσα
564 4338 711 4434 γένηται
729 4337 787 4410 ἐπὶ
803 4337 912 4429 χθονὶ
925 4336 1208 4434 πουλυβοτείρῃ,
