<?xml version="1.0" encoding="UTF-8"?>
<!DOCTYPE html PUBLIC "-//W3C//DTD XHTML 1.0 Transitional//EN"
    "http://www.w3.org/TR/xhtml1/DTD/xhtml1-transitional.dtd">
<html xmlns="http://www.w3.org/1999/xhtml" xml:lang="en" lang="en">
 <head>
  <title>
</title>
<meta http-equiv="Content-Type" content="text/html;charset=utf-8" />
  <meta name='ocr-system' content='tesseract 3.04.00' />
  <meta name='ocr-capabilities' content='ocr_page ocr_carea ocr_par ocr_line ocrx_word'/>
</head>
<body>
  <div class='ocr_page' id='page_1' title='image "./opuscula00hermgoog_0079.png"; bbox 0 0 2842 4920; ppageno 0'>
   <div class='ocr_carea' id='block_1_1' title="bbox 230 308 997 419">
    <p class='ocr_par' dir='ltr' id='par_1_1' title="bbox 230 308 997 419">
     <span class='ocr_line' id='line_1_1' title="bbox 230 308 997 419; baseline -0.007 -1"><span class='ocrx_word' id='word_1_1' title='bbox 230 356 273 419; x_wconf 89' lang='lat' dir='ltr'><strong>oo</strong></span> <span class='ocrx_word' id='word_1_2' title='bbox 564 351 621 413; x_wconf 87' lang='lat' dir='ltr'><strong>nn</strong></span> <span class='ocrx_word' id='word_1_3' title='bbox 656 308 929 413; x_wconf 61' lang='lat' dir='ltr'><strong>ornnem</strong></span> <span class='ocrx_word' id='word_1_4' title='bbox 948 342 997 413; x_wconf 78' lang='grc' dir='ltr'><strong><em>ει</em></strong></span> 
     </span>
    </p>
   </div>
   <div class='ocr_carea' id='block_1_2' title="bbox 231 533 1400 634">
    <p class='ocr_par' dir='ltr' id='par_1_2' title="bbox 231 533 1400 634">
     <span class='ocr_line' id='line_1_2' title="bbox 231 533 1400 634; baseline 0.003 -25"><span class='ocrx_word' id='word_1_5' title='bbox 231 539 414 634; x_wconf 83' lang='grc' dir='ltr'><strong>ρ3.83(</strong></span> <span class='ocrx_word' id='word_1_6' title='bbox 397 533 500 629; x_wconf 90' lang='grc'><strong>(455.</strong></span> <span class='ocrx_word' id='word_1_7' title='bbox 525 533 562 634; x_wconf 98' lang='grc'><strong>5.</strong></span> <span class='ocrx_word' id='word_1_8' title='bbox 580 539 614 611; x_wconf 81' lang='grc'><strong>2.</strong></span> <span class='ocrx_word' id='word_1_9' title='bbox 639 540 768 631; x_wconf 83' lang='lat' dir='ltr'><strong>Bekk.)</strong></span> <span class='ocrx_word' id='word_1_10' title='bbox 796 539 1074 612; x_wconf 77' lang='lat' dir='ltr'><strong>consentientibus</strong></span> <span class='ocrx_word' id='word_1_11' title='bbox 1088 537 1199 607; x_wconf 88' lang='lat' dir='ltr'><strong>libris·</strong></span> <span class='ocrx_word' id='word_1_12' title='bbox 1226 541 1400 631; x_wconf 84' lang='grc' dir='ltr'><strong><em>ε’βου-’</em></strong></span> 
     </span>
    </p>
   </div>
   <div class='ocr_carea' id='block_1_3' title="bbox 232 542 1343 976">
    <p class='ocr_par' dir='ltr' id='par_1_3' title="bbox 232 542 1343 943">
     <span class='ocr_line' id='line_1_3' title="bbox 233 542 1342 764; baseline -0.004 -46"><span class='ocrx_word' id='word_1_13' title='bbox 233 640 349 741; x_wconf 86' lang='grc' dir='ltr'><strong><em>λόμην</em></strong></span> <span class='ocrx_word' id='word_1_14' title='bbox 365 644 433 736; x_wconf 84' lang='grc' dir='ltr'><strong>μὲν</strong></span> <span class='ocrx_word' id='word_1_15' title='bbox 450 639 529 731; x_wconf 78' lang='lat' dir='ltr'><strong>odo,</strong></span> <span class='ocrx_word' id='word_1_16' title='bbox 556 671 583 714; x_wconf 89' lang='grc' dir='ltr'><em>ω</em></span> <span class='ocrx_word' id='word_1_17' title='bbox 573 542 814 740; x_wconf 77' lang='grc' dir='ltr'><strong><em>Ἀθηναίοι,</em></strong></span> <span class='ocrx_word' id='word_1_18' title='bbox 840 637 984 763; x_wconf 86' lang='grc' dir='ltr'><strong><em>κοίτην</em></strong></span> <span class='ocrx_word' id='word_1_19' title='bbox 999 635 1134 764; x_wconf 87' lang='grc' dir='ltr'><strong><em>βουληη</em></strong></span> <span class='ocrx_word' id='word_1_20' title='bbox 1156 636 1242 722; x_wconf 73' lang='grc' dir='ltr'><strong>τούς</strong></span> <span class='ocrx_word' id='word_1_21' title='bbox 1259 668 1342 714; x_wconf 83' lang='grc' dir='ltr'><strong><em>κτεν-</em></strong></span> 
     </span>
     <span class='ocr_line' id='line_1_4' title="bbox 232 738 1343 871; baseline -0.005 -50"><span class='ocrx_word' id='word_1_22' title='bbox 232 746 424 826; x_wconf 80' lang='grc' dir='ltr'><strong><em>τακοσίους</em></strong></span> <span class='ocrx_word' id='word_1_23' title='bbox 437 744 495 819; x_wconf 85' lang='grc' dir='ltr'><strong>καί</strong></span> <span class='ocrx_word' id='word_1_24' title='bbox 509 771 574 825; x_wconf 82' lang='grc' dir='ltr'><strong>τας</strong></span> <span class='ocrx_word' id='word_1_25' title='bbox 586 745 801 871; x_wconf 70' lang='grc' dir='ltr'><strong><em>ἐκκλησίας</em></strong></span> <span class='ocrx_word' id='word_1_26' title='bbox 781 740 853 819; x_wconf 82' lang='lat' dir='ltr'><strong>ond</strong></span> <span class='ocrx_word' id='word_1_27' title='bbox 868 746 940 819; x_wconf 77' lang='grc' dir='ltr'><strong>τόν</strong></span> <span class='ocrx_word' id='word_1_28' title='bbox 955 738 1203 841; x_wconf 72' lang='grc' dir='ltr'><strong><em>ἐφεστηκότων</em></strong></span> <span class='ocrx_word' id='word_1_29' title='bbox 1220 740 1343 838; x_wconf 75' lang='grc' dir='ltr'><strong><em>ὀρθῶς</em></strong></span> 
     </span>
     <span class='ocr_line' id='line_1_5' title="bbox 233 841 1343 976; baseline -0.003 -53"><span class='ocrx_word' id='word_1_30' title='bbox 233 853 473 938; x_wconf 80' lang='grc' dir='ltr'><strong><em>διοικεῖσθαι,</em></strong></span> <span class='ocrx_word' id='word_1_31' title='bbox 497 844 560 922; x_wconf 77' lang='grc' dir='ltr'><strong><em>’καί</em></strong></span> <span class='ocrx_word' id='word_1_32' title='bbox 581 842 667 929; x_wconf 78' lang='grc' dir='ltr'><strong>τούς</strong></span> <span class='ocrx_word' id='word_1_33' title='bbox 686 844 838 976; x_wconf 73' lang='grc' dir='ltr'><strong><em>νόμουρ,</em></strong></span> <span class='ocrx_word' id='word_1_34' title='bbox 864 847 925 929; x_wconf 76' lang='grc' dir='ltr'><strong><em>οὓς</em></strong></span> <span class='ocrx_word' id='word_1_35' title='bbox 939 849 1205 943; x_wconf 72' lang='grc' dir='ltr'><strong>ἐνομοθέτησεν</strong></span> <span class='ocrx_word' id='word_1_36' title='bbox 1224 841 1343 920; x_wconf 85' lang='grc' dir='ltr'><strong><em>όΣό-</em></strong></span> 
     </span>
    </p>
   </div>
   <div class='ocr_carea' id='block_1_4' title="bbox 230 944 1342 1124">
    <p class='ocr_par' dir='ltr' id='par_1_4' title="bbox 230 944 1342 1124">
     <span class='ocr_line' id='line_1_6' title="bbox 230 944 1342 1124; baseline -0.008 -99"><span class='ocrx_word' id='word_1_37' title='bbox 230 957 308 1124; x_wconf 50' lang='lat' dir='ltr'><strong>hh}</strong></span> <span class='ocrx_word' id='word_1_38' title='bbox 315 978 414 1122; x_wconf 62' lang='grc' dir='ltr'><strong>ιτὲρρ6</strong></span> <span class='ocrx_word' id='word_1_39' title='bbox 410 978 474 1048; x_wconf 81' lang='grc' dir='ltr'><strong>της</strong></span> <span class='ocrx_word' id='word_1_40' title='bbox 488 944 651 1050; x_wconf 85' lang='grc' dir='ltr'><strong><em>ῥητόρων</em></strong></span> <span class='ocrx_word' id='word_1_41' title='bbox 666 949 876 1046; x_wconf 80' lang='grc' dir='ltr'><strong><em>εὐκοσμίας,</em></strong></span> <span class='ocrx_word' id='word_1_42' title='bbox 904 945 1050 1042; x_wconf 78' lang='grc' dir='ltr'><strong><em>ἰσχύειν</em></strong></span> <span class='ocrx_word' id='word_1_43' title='bbox 1094 948 1342 1041; x_wconf 81' lang='lat' dir='ltr'><strong>Aristophanes</strong></span> 
     </span>
    </p>
   </div>
   <div class='ocr_carea' id='block_1_5' title="bbox 334 1200 1050 1305">
    <p class='ocr_par' dir='ltr' id='par_1_5' title="bbox 334 1200 1050 1305">
     <span class='ocr_line' id='line_1_7' title="bbox 334 1200 1050 1305; baseline -0.004 -24"><span class='ocrx_word' id='word_1_44' title='bbox 334 1200 535 1305; x_wconf 79' lang='grc' dir='ltr'><strong><em>ἐβουλόμην</em></strong></span> <span class='ocrx_word' id='word_1_45' title='bbox 560 1207 628 1291; x_wconf 82' lang='grc' dir='ltr'><strong>μὲν</strong></span> <span class='ocrx_word' id='word_1_46' title='bbox 655 1201 719 1281; x_wconf 79' lang='grc' dir='ltr'><strong><em>οὐκ</em></strong></span> <span class='ocrx_word' id='word_1_47' title='bbox 745 1203 873 1301; x_wconf 78' lang='grc' dir='ltr'><strong><em>ἐρίζειν</em></strong></span> <span class='ocrx_word' id='word_1_48' title='bbox 900 1200 1050 1278; x_wconf 78' lang='grc' dir='ltr'><strong><em>ἐνθάδε·</em></strong></span> 
     </span>
    </p>
   </div>
   <div class='ocr_carea' id='block_1_6' title="bbox 155 1354 1345 2270">
    <p class='ocr_par' dir='ltr' id='par_1_6' title="bbox 155 1354 1344 1556">
     <span class='ocr_line' id='line_1_8' title="bbox 233 1354 1344 1448; baseline -0.005 -20"><span class='ocrx_word' id='word_1_49' title='bbox 233 1360 291 1428; x_wconf 92' lang='lat' dir='ltr'><strong>nhi</strong></span> <span class='ocrx_word' id='word_1_50' title='bbox 311 1358 501 1428; x_wconf 85' lang='lat' dir='ltr'><strong>Brunckius</strong></span> <span class='ocrx_word' id='word_1_51' title='bbox 518 1381 586 1426; x_wconf 89' lang='lat' dir='ltr'><strong>non</strong></span> <span class='ocrx_word' id='word_1_52' title='bbox 606 1359 753 1428; x_wconf 79' lang='lat' dir='ltr'>debebat</span> <span class='ocrx_word' id='word_1_53' title='bbox 769 1356 896 1425; x_wconf 83' lang='lat' dir='ltr'>addere</span> <span class='ocrx_word' id='word_1_54' title='bbox 917 1354 973 1428; x_wconf 81' lang='grc' dir='ltr'><strong><em>οἷν.</em></strong></span> <span class='ocrx_word' id='word_1_55' title='bbox 1024 1357 1176 1446; x_wconf 88' lang='lat' dir='ltr'><strong>Vterque</strong></span> <span class='ocrx_word' id='word_1_56' title='bbox 1197 1355 1344 1448; x_wconf 77' lang='lat' dir='ltr'><strong>scriptor</strong></span> 
     </span>
     <span class='ocr_line' id='line_1_9' title="bbox 155 1453 1343 1556; baseline 0.002 -30"><span class='ocrx_word' id='word_1_57' title='bbox 155 1522 158 1526; x_wconf 82' lang='lat'><strong>.</strong></span> <span class='ocrx_word' id='word_1_58' title='bbox 232 1472 325 1531; x_wconf 89' lang='lat' dir='ltr'><strong>recte</strong></span> <span class='ocrx_word' id='word_1_59' title='bbox 349 1464 507 1552; x_wconf 86' lang='lat' dir='ltr'><strong>loquutus</strong></span> <span class='ocrx_word' id='word_1_60' title='bbox 534 1471 594 1532; x_wconf 85' lang='lat' dir='ltr'><strong>est.</strong></span> <span class='ocrx_word' id='word_1_61' title='bbox 646 1464 735 1530; x_wconf 87' lang='lat' dir='ltr'><strong>Nam</strong></span> <span class='ocrx_word' id='word_1_62' title='bbox 758 1462 922 1554; x_wconf 83' lang='lat' dir='ltr'><strong>significat</strong></span> <span class='ocrx_word' id='word_1_63' title='bbox 940 1459 1025 1527; x_wconf 90' lang='lat' dir='ltr'><strong>illud</strong></span> <span class='ocrx_word' id='word_1_64' title='bbox 1049 1453 1252 1556; x_wconf 81' lang='grc' dir='ltr'><strong><em>ἐβουλόμην</em></strong></span> <span class='ocrx_word' id='word_1_65' title='bbox 1277 1481 1343 1528; x_wconf 88' lang='grc' dir='ltr'><strong><em>ου-</em></strong></span> 
     </span>
    </p>

    <p class='ocr_par' dir='ltr' id='par_1_7' title="bbox 202 1563 1345 2270">
     <span class='ocr_line' id='line_1_10' title="bbox 202 1563 1342 1660; baseline -0.004 -26"><span class='ocrx_word' id='word_1_66' title='bbox 202 1597 205 1605; x_wconf 92' lang='grc'><strong><em>·</em></strong></span> <span class='ocrx_word' id='word_1_67' title='bbox 227 1563 393 1660; x_wconf 78' lang='grc' dir='ltr'><strong><em>μίεόουι,</em></strong></span> <span class='ocrx_word' id='word_1_68' title='bbox 420 1567 473 1633; x_wconf 94' lang='lat' dir='ltr'><strong>cni</strong></span> <span class='ocrx_word' id='word_1_69' title='bbox 495 1565 652 1654; x_wconf 88' lang='lat' dir='ltr'><strong>quoniam</strong></span> <span class='ocrx_word' id='word_1_70' title='bbox 677 1589 746 1633; x_wconf 90' lang='lat' dir='ltr'><strong>non</strong></span> <span class='ocrx_word' id='word_1_71' title='bbox 767 1574 818 1632; x_wconf 86' lang='lat' dir='ltr'><strong>est</strong></span> <span class='ocrx_word' id='word_1_72' title='bbox 839 1563 1033 1656; x_wconf 86' lang='lat' dir='ltr'><strong>oppositum</strong></span> <span class='ocrx_word' id='word_1_73' title='bbox 1060 1572 1103 1632; x_wconf 82' lang='lat' dir='ltr'><strong>at</strong></span> <span class='ocrx_word' id='word_1_74' title='bbox 1122 1584 1195 1631; x_wconf 84' lang='lat' dir='ltr'><strong>non</strong></span> <span class='ocrx_word' id='word_1_75' title='bbox 1224 1563 1342 1656; x_wconf 82' lang='lat' dir='ltr'><strong>cupio,</strong></span> 
     </span>
     <span class='ocr_line' id='line_1_11' title="bbox 232 1666 1343 1759; baseline -0.003 -23"><span class='ocrx_word' id='word_1_76' title='bbox 232 1678 326 1738; x_wconf 91' lang='lat' dir='ltr'><strong>recte</strong></span> <span class='ocrx_word' id='word_1_77' title='bbox 350 1669 444 1736; x_wconf 88' lang='lat' dir='ltr'><strong>abest</strong></span> <span class='ocrx_word' id='word_1_78' title='bbox 465 1666 520 1740; x_wconf 82' lang='grc' dir='ltr'><strong>ἄν.</strong></span> <span class='ocrx_word' id='word_1_79' title='bbox 572 1668 690 1758; x_wconf 88' lang='lat' dir='ltr'><strong>ltnqne</strong></span> <span class='ocrx_word' id='word_1_80' title='bbox 714 1667 808 1759; x_wconf 85' lang='lat' dir='ltr'><strong>apud</strong></span> <span class='ocrx_word' id='word_1_81' title='bbox 830 1666 1034 1737; x_wconf 85' lang='lat' dir='ltr'><strong>Aeschinem</strong></span> <span class='ocrx_word' id='word_1_82' title='bbox 1060 1689 1194 1734; x_wconf 85' lang='lat' dir='ltr'><strong>sensum</strong></span> <span class='ocrx_word' id='word_1_83' title='bbox 1216 1666 1343 1734; x_wconf 84' lang='lat' dir='ltr'><strong>verho-</strong></span> 
     </span>
     <span class='ocr_line' id='line_1_12' title="bbox 233 1768 1344 1861; baseline -0.002 -22"><span class='ocrx_word' id='word_1_84' title='bbox 233 1796 308 1840; x_wconf 88' lang='lat' dir='ltr'><strong>rnm</strong></span> <span class='ocrx_word' id='word_1_85' title='bbox 322 1773 422 1840; x_wconf 84' lang='lat' dir='ltr'><strong>etiam</strong></span> <span class='ocrx_word' id='word_1_86' title='bbox 443 1772 490 1838; x_wconf 83' lang='lat' dir='ltr'><strong>ita</strong></span> <span class='ocrx_word' id='word_1_87' title='bbox 508 1771 588 1838; x_wconf 89' lang='lat' dir='ltr'><strong>licet</strong></span> <span class='ocrx_word' id='word_1_88' title='bbox 603 1772 811 1861; x_wconf 84' lang='lat' dir='ltr'><strong>exprimere,</strong></span> <span class='ocrx_word' id='word_1_89' title='bbox 838 1768 994 1839; x_wconf 82' lang='lat' dir='ltr'><strong>dedebat</strong></span> <span class='ocrx_word' id='word_1_90' title='bbox 1007 1768 1155 1838; x_wconf 80' lang='lat' dir='ltr'><strong>servari</strong></span> <span class='ocrx_word' id='word_1_91' title='bbox 1170 1769 1344 1861; x_wconf 77' lang='lat' dir='ltr'><strong>antiquus</strong></span> 
     </span>
     <span class='ocr_line' id='line_1_13' title="bbox 232 1871 1344 1965; baseline -0.002 -23"><span class='ocrx_word' id='word_1_92' title='bbox 232 1898 312 1944; x_wconf 84' lang='lat' dir='ltr'><strong>mos</strong></span> <span class='ocrx_word' id='word_1_93' title='bbox 333 1874 560 1945; x_wconf 80' lang='lat' dir='ltr'><strong>indiciorum.</strong></span> <span class='ocrx_word' id='word_1_94' title='bbox 611 1873 717 1965; x_wconf 89' lang='lat' dir='ltr'><strong>Apud</strong></span> <span class='ocrx_word' id='word_1_95' title='bbox 736 1871 1001 1964; x_wconf 79' lang='lat' dir='ltr'><strong>Aristophanem</strong></span> <span class='ocrx_word' id='word_1_96' title='bbox 1021 1882 1133 1941; x_wconf 82' lang='lat' dir='ltr'><strong>entem</strong></span> <span class='ocrx_word' id='word_1_97' title='bbox 1150 1873 1208 1962; x_wconf 92' lang='lat' dir='ltr'><strong>qni</strong></span> <span class='ocrx_word' id='word_1_98' title='bbox 1230 1872 1344 1962; x_wconf 88' lang='lat' dir='ltr'><strong>loqui-</strong></span> 
     </span>
     <span class='ocr_line' id='line_1_14' title="bbox 234 1973 1345 2068; baseline -0.004 -22"><span class='ocrx_word' id='word_1_99' title='bbox 234 1990 298 2065; x_wconf 87' lang='lat' dir='ltr'><strong>tur,</strong></span> <span class='ocrx_word' id='word_1_100' title='bbox 321 1975 522 2067; x_wconf 84' lang='lat' dir='ltr'><strong>Aeschylus,</strong></span> <span class='ocrx_word' id='word_1_101' title='bbox 544 1998 648 2064; x_wconf 91' lang='lat' dir='ltr'><strong>quum</strong></span> <span class='ocrx_word' id='word_1_102' title='bbox 667 1973 855 2068; x_wconf 79' lang='lat' dir='ltr'><strong>cupiebam</strong></span> <span class='ocrx_word' id='word_1_103' title='bbox 874 1997 946 2043; x_wconf 84' lang='lat' dir='ltr'><strong>non</strong></span> <span class='ocrx_word' id='word_1_104' title='bbox 971 1985 1119 2044; x_wconf 82' lang='lat' dir='ltr'><strong>certare</strong></span> <span class='ocrx_word' id='word_1_105' title='bbox 1139 1975 1237 2067; x_wconf 90' lang='lat' dir='ltr'><strong>dicit,</strong></span> <span class='ocrx_word' id='word_1_106' title='bbox 1271 1999 1345 2044; x_wconf 84' lang='lat' dir='ltr'><strong>mo-</strong></span> 
     </span>
     <span class='ocr_line' id='line_1_15' title="bbox 234 2078 1345 2169; baseline -0.003 -21"><span class='ocrx_word' id='word_1_107' title='bbox 234 2104 315 2148; x_wconf 92' lang='lat' dir='ltr'><strong>nere</strong></span> <span class='ocrx_word' id='word_1_108' title='bbox 331 2103 367 2148; x_wconf 89' lang='lat' dir='ltr'><strong>se</strong></span> <span class='ocrx_word' id='word_1_109' title='bbox 382 2081 527 2147; x_wconf 84' lang='lat' dir='ltr'><strong>alienum</strong></span> <span class='ocrx_word' id='word_1_110' title='bbox 538 2102 559 2145; x_wconf 88' lang='lat' dir='ltr'>a</span> <span class='ocrx_word' id='word_1_111' title='bbox 573 2078 918 2169; x_wconf 79' lang='lat' dir='ltr'><strong>certandionpiditate</strong></span> <span class='ocrx_word' id='word_1_112' title='bbox 932 2078 1068 2164; x_wconf 83' lang='lat' dir='ltr'><strong>indicat,</strong></span> <span class='ocrx_word' id='word_1_113' title='bbox 1083 2078 1221 2162; x_wconf 76' lang='lat' dir='ltr'><strong>etiamsi</strong></span> <span class='ocrx_word' id='word_1_114' title='bbox 1237 2101 1345 2167; x_wconf 90' lang='lat' dir='ltr'><strong>quum</strong></span> 
     </span>
     <span class='ocr_line' id='line_1_16' title="bbox 235 2178 1345 2270; baseline 0.001 -20"><span class='ocrx_word' id='word_1_115' title='bbox 235 2183 422 2250; x_wconf 87' lang='lat' dir='ltr'><strong>detrectare</strong></span> <span class='ocrx_word' id='word_1_116' title='bbox 436 2189 592 2270; x_wconf 67' lang='lat' dir='ltr'><strong>nequeat,</strong></span> <span class='ocrx_word' id='word_1_117' title='bbox 615 2191 797 2248; x_wconf 85' lang='lat' dir='ltr'><strong>certaturus</strong></span> <span class='ocrx_word' id='word_1_118' title='bbox 811 2189 878 2248; x_wconf 89' lang='lat' dir='ltr'><strong>est:</strong></span> <span class='ocrx_word' id='word_1_119' title='bbox 903 2178 939 2246; x_wconf 95' lang='lat' dir='ltr'><strong>id</strong></span> <span class='ocrx_word' id='word_1_120' title='bbox 953 2180 1047 2267; x_wconf 91' lang='lat' dir='ltr'><strong>quod</strong></span> <span class='ocrx_word' id='word_1_121' title='bbox 1056 2180 1109 2248; x_wconf 87' lang='lat' dir='ltr'><strong>his</strong></span> <span class='ocrx_word' id='word_1_122' title='bbox 1122 2181 1233 2248; x_wconf 84' lang='lat' dir='ltr'><strong>verbis</strong></span> <span class='ocrx_word' id='word_1_123' title='bbox 1244 2181 1345 2251; x_wconf 64' lang='lat' dir='ltr'><strong>dicite</strong></span> 
     </span>
    </p>
   </div>
   <div class='ocr_carea' id='block_1_7' title="bbox 338 2325 1366 2435">
    <p class='ocr_par' dir='ltr' id='par_1_8' title="bbox 338 2325 1366 2435">
     <span class='ocr_line' id='line_1_17' title="bbox 338 2325 1366 2435; baseline -0.005 -29"><span class='ocrx_word' id='word_1_124' title='bbox 338 2330 435 2426; x_wconf 75' lang='grc' dir='ltr'><strong><em>ὅμως</em></strong></span> <span class='ocrx_word' id='word_1_125' title='bbox 460 2327 511 2413; x_wconf 74' lang='grc' dir='ltr'><strong>δ’,</strong></span> <span class='ocrx_word' id='word_1_126' title='bbox 539 2326 663 2425; x_wconf 79' lang='grc' dir='ltr'><strong><em>ἐπειδή</em></strong></span> <span class='ocrx_word' id='word_1_127' title='bbox 689 2358 750 2406; x_wconf 92' lang='grc' dir='ltr'><strong><em>σοι</em></strong></span> <span class='ocrx_word' id='word_1_128' title='bbox 776 2336 893 2422; x_wconf 82' lang='grc' dir='ltr'><strong><em>δοκεῖ,</em></strong></span> <span class='ocrx_word' id='word_1_129' title='bbox 920 2331 1010 2430; x_wconf 78' lang='grc' dir='ltr'><strong><em>δρᾶν</em></strong></span> <span class='ocrx_word' id='word_1_130' title='bbox 1036 2331 1155 2405; x_wconf 74' lang='grc' dir='ltr'><strong><em>ταῦτα</em></strong></span> <span class='ocrx_word' id='word_1_131' title='bbox 1181 2325 1260 2429; x_wconf 83' lang='grc' dir='ltr'><strong><em>χρη’.</em></strong></span> <span class='ocrx_word' id='word_1_132' title='bbox 1339 2407 1366 2435; x_wconf 33' lang='grc'><strong>,1</strong></span> 
     </span>
    </p>
   </div>
   <div class='ocr_carea' id='block_1_8' title="bbox 162 2479 1416 3920">
    <p class='ocr_par' dir='ltr' id='par_1_9' title="bbox 162 2479 1416 3920">
     <span class='ocr_line' id='line_1_18' title="bbox 236 2479 1346 2584; baseline 0.003 -28"><span class='ocrx_word' id='word_1_133' title='bbox 236 2485 305 2556; x_wconf 88' lang='lat' dir='ltr'><strong>Sed</strong></span> <span class='ocrx_word' id='word_1_134' title='bbox 330 2485 579 2554; x_wconf 84' lang='lat' dir='ltr'><strong>observandum</strong></span> <span class='ocrx_word' id='word_1_135' title='bbox 602 2495 668 2570; x_wconf 82' lang='lat' dir='ltr'><strong>est,</strong></span> <span class='ocrx_word' id='word_1_136' title='bbox 700 2485 756 2554; x_wconf 85' lang='lat' dir='ltr'><strong>vix</strong></span> <span class='ocrx_word' id='word_1_137' title='bbox 774 2485 957 2553; x_wconf 79' lang='lat' dir='ltr'><strong>stiterhoc</strong></span> <span class='ocrx_word' id='word_1_138' title='bbox 980 2486 1122 2553; x_wconf 84' lang='lat' dir='ltr'><strong>verbum</strong></span> <span class='ocrx_word' id='word_1_139' title='bbox 1141 2479 1346 2584; x_wconf 80' lang='grc' dir='ltr'><strong><em>ἐβουλόμην</em></strong></span> 
     </span>
     <span class='ocr_line' id='line_1_19' title="bbox 234 2587 1343 2682; baseline 0.003 -24"><span class='ocrx_word' id='word_1_140' title='bbox 234 2592 268 2658; x_wconf 92' lang='lat' dir='ltr'><strong>in</strong></span> <span class='ocrx_word' id='word_1_141' title='bbox 295 2590 460 2682; x_wconf 90' lang='lat' dir='ltr'><strong>principio</strong></span> <span class='ocrx_word' id='word_1_142' title='bbox 485 2590 622 2680; x_wconf 90' lang='lat' dir='ltr'><strong>quidem</strong></span> <span class='ocrx_word' id='word_1_143' title='bbox 648 2591 804 2658; x_wconf 85' lang='lat' dir='ltr'><strong>orationis</strong></span> <span class='ocrx_word' id='word_1_144' title='bbox 827 2612 941 2657; x_wconf 84' lang='lat' dir='ltr'><strong>carere</strong></span> <span class='ocrx_word' id='word_1_145' title='bbox 961 2612 1062 2681; x_wconf 86' lang='lat' dir='ltr'><strong>posse</strong></span> <span class='ocrx_word' id='word_1_146' title='bbox 1087 2588 1253 2681; x_wconf 82' lang='lat' dir='ltr'><strong>particula</strong></span> <span class='ocrx_word' id='word_1_147' title='bbox 1281 2587 1343 2680; x_wconf 75' lang='grc' dir='ltr'><strong>ἄν,</strong></span> 
     </span>
     <span class='ocr_line' id='line_1_20' title="bbox 236 2684 1416 2783; baseline -0.002 -21"><span class='ocrx_word' id='word_1_148' title='bbox 236 2716 338 2783; x_wconf 75' lang='grc' dir='ltr'><strong><em>(μεσπι</em></strong></span> <span class='ocrx_word' id='word_1_149' title='bbox 355 2693 463 2783; x_wconf 82' lang='grc' dir='ltr'><strong><em>εἰμὲν</em></strong></span> <span class='ocrx_word' id='word_1_150' title='bbox 479 2693 662 2779; x_wconf 80' lang='lat' dir='ltr'><strong>adiicietur,</strong></span> <span class='ocrx_word' id='word_1_151' title='bbox 690 2715 758 2782; x_wconf 91' lang='lat' dir='ltr'><strong>quo</strong></span> <span class='ocrx_word' id='word_1_152' title='bbox 776 2693 885 2761; x_wconf 77' lang='lat' dir='ltr'><strong>stetim</strong></span> <span class='ocrx_word' id='word_1_153' title='bbox 900 2693 1074 2778; x_wconf 87' lang='lat' dir='ltr'><strong>indicetur,</strong></span> <span class='ocrx_word' id='word_1_154' title='bbox 1101 2692 1162 2761; x_wconf 90' lang='lat' dir='ltr'><strong>etsi</strong></span> <span class='ocrx_word' id='word_1_155' title='bbox 1176 2692 1249 2781; x_wconf 90' lang='lat' dir='ltr'><strong>quis</strong></span> <span class='ocrx_word' id='word_1_156' title='bbox 1263 2692 1344 2760; x_wconf 85' lang='lat' dir='ltr'><strong>velit</strong></span> <span class='ocrx_word' id='word_1_157' title='bbox 1413 2684 1416 2694; x_wconf 50' lang='lat'><strong>¹</strong></span> 
     </span>
     <span class='ocr_line' id='line_1_21' title="bbox 235 2794 1342 2885; baseline 0.001 -22"><span class='ocrx_word' id='word_1_158' title='bbox 235 2796 377 2885; x_wconf 78' lang='lat' dir='ltr'><strong>aliquid,</strong></span> <span class='ocrx_word' id='word_1_159' title='bbox 404 2805 526 2882; x_wconf 85' lang='lat' dir='ltr'><strong>tamen,</strong></span> <span class='ocrx_word' id='word_1_160' title='bbox 552 2795 644 2883; x_wconf 91' lang='lat' dir='ltr'><strong>qnod</strong></span> <span class='ocrx_word' id='word_1_161' title='bbox 659 2797 749 2881; x_wconf 85' lang='lat' dir='ltr'><strong>velit,</strong></span> <span class='ocrx_word' id='word_1_162' title='bbox 775 2819 843 2863; x_wconf 92' lang='lat' dir='ltr'><strong>non</strong></span> <span class='ocrx_word' id='word_1_163' title='bbox 861 2797 943 2864; x_wconf 87' lang='lat' dir='ltr'><strong>fieri.</strong></span> <span class='ocrx_word' id='word_1_164' title='bbox 995 2795 1113 2885; x_wconf 85' lang='lat' dir='ltr'><strong>ltaque</strong></span> <span class='ocrx_word' id='word_1_165' title='bbox 1128 2794 1342 2865; x_wconf 88' lang='lat' dir='ltr'><strong>Antisthenes</strong></span> 
     </span>
     <span class='ocr_line' id='line_1_22' title="bbox 235 2895 1342 2990; baseline -0.001 -24"><span class='ocrx_word' id='word_1_166' title='bbox 235 2899 352 2967; x_wconf 90' lang='lat' dir='ltr'><strong>rhetor</strong></span> <span class='ocrx_word' id='word_1_167' title='bbox 361 2898 545 2966; x_wconf 86' lang='lat' dir='ltr'><strong>orationem</strong></span> <span class='ocrx_word' id='word_1_168' title='bbox 553 2899 665 2966; x_wconf 87' lang='lat' dir='ltr'><strong>Aiacis</strong></span> <span class='ocrx_word' id='word_1_169' title='bbox 675 2899 710 2966; x_wconf 91' lang='lat' dir='ltr'><strong>in</strong></span> <span class='ocrx_word' id='word_1_170' title='bbox 724 2899 854 2967; x_wconf 88' lang='lat' dir='ltr'><strong>Reiskii</strong></span> <span class='ocrx_word' id='word_1_171' title='bbox 865 2897 973 2968; x_wconf 84' lang='lat' dir='ltr'><strong>Orutt.</strong></span> <span class='ocrx_word' id='word_1_172' title='bbox 983 2900 1048 2967; x_wconf 87' lang='lat' dir='ltr'><strong>voi.</strong></span> <span class='ocrx_word' id='word_1_173' title='bbox 1064 2899 1154 2969; x_wconf 82' lang='lat' dir='ltr'><strong>vm.</strong></span> <span class='ocrx_word' id='word_1_174' title='bbox 1164 2923 1199 2990; x_wconf 92' lang='lat' dir='ltr'><strong>p.</strong></span> <span class='ocrx_word' id='word_1_175' title='bbox 1216 2895 1274 2968; x_wconf 88' lang='grc'><strong>52.</strong></span> <span class='ocrx_word' id='word_1_176' title='bbox 1283 2899 1342 2988; x_wconf 89' lang='lat' dir='ltr'><strong>sic,</strong></span> 
     </span>
     <span class='ocr_line' id='line_1_23' title="bbox 235 2995 1343 3099; baseline 0.004 -29"><span class='ocrx_word' id='word_1_177' title='bbox 235 3011 272 3070; x_wconf 90' lang='lat' dir='ltr'><strong>nt</strong></span> <span class='ocrx_word' id='word_1_178' title='bbox 288 3003 380 3091; x_wconf 84' lang='lat' dir='ltr'><strong>fecit,</strong></span> <span class='ocrx_word' id='word_1_179' title='bbox 408 3000 526 3069; x_wconf 86' lang='lat' dir='ltr'><strong>debuit</strong></span> <span class='ocrx_word' id='word_1_180' title='bbox 539 3002 706 3095; x_wconf 86' lang='lat' dir='ltr'><strong>incipere:</strong></span> <span class='ocrx_word' id='word_1_181' title='bbox 732 2995 937 3099; x_wconf 86' lang='grc' dir='ltr'><strong><em>ἐβουλόμην</em></strong></span> <span class='ocrx_word' id='word_1_182' title='bbox 955 3000 1001 3073; x_wconf 78' lang='grc' dir='ltr'><strong>ἄν</strong></span> <span class='ocrx_word' id='word_1_183' title='bbox 1013 2995 1240 3084; x_wconf 79' lang='grc' dir='ltr'><strong><em>τοόςαότοός</em></strong></span> <span class='ocrx_word' id='word_1_184' title='bbox 1255 2999 1343 3097; x_wconf 75' lang='grc' dir='ltr'><strong><em>η’μῖκ</em></strong></span> 
     </span>
     <span class='ocr_line' id='line_1_24' title="bbox 170 3099 1343 3203; baseline -0.003 -25"><span class='ocrx_word' id='word_1_185' title='bbox 170 3200 171 3203; x_wconf 9' lang='lat'>¹</span> <span class='ocrx_word' id='word_1_186' title='bbox 239 3099 414 3193; x_wconf 72' lang='grc' dir='ltr'><strong><em>δικάζειν,</em></strong></span> <span class='ocrx_word' id='word_1_187' title='bbox 441 3111 545 3202; x_wconf 79' lang='grc' dir='ltr'><strong><em>οἵπερ</em></strong></span> <span class='ocrx_word' id='word_1_188' title='bbox 570 3105 630 3177; x_wconf 89' lang='grc' dir='ltr'><strong>καί</strong></span> <span class='ocrx_word' id='word_1_189' title='bbox 653 3110 692 3177; x_wconf 86' lang='grc' dir='ltr'><strong>ἐν</strong></span> <span class='ocrx_word' id='word_1_190' title='bbox 715 3111 792 3184; x_wconf 82' lang='grc' dir='ltr'><strong><em>τοῖς</em></strong></span> <span class='ocrx_word' id='word_1_191' title='bbox 812 3099 1002 3199; x_wconf 78' lang='grc' dir='ltr'><strong><em>πράγμασι</em></strong></span> <span class='ocrx_word' id='word_1_192' title='bbox 1023 3105 1200 3202; x_wconf 81' lang='grc' dir='ltr'><strong><em>παρῆσαν.</em></strong></span> <span class='ocrx_word' id='word_1_193' title='bbox 1252 3104 1343 3174; x_wconf 87' lang='lat' dir='ltr'><strong>Nam</strong></span> 
     </span>
     <span class='ocr_line' id='line_1_25' title="bbox 240 3206 1342 3296; baseline -0.001 -20"><span class='ocrx_word' id='word_1_194' title='bbox 240 3208 267 3276; x_wconf 92' lang='lat' dir='ltr'><strong>si</strong></span> <span class='ocrx_word' id='word_1_195' title='bbox 281 3208 454 3294; x_wconf 67' lang='lat' dir='ltr'><strong>omisisset,</strong></span> <span class='ocrx_word' id='word_1_196' title='bbox 471 3231 606 3275; x_wconf 84' lang='lat' dir='ltr'><strong>narrare</strong></span> <span class='ocrx_word' id='word_1_197' title='bbox 623 3207 839 3275; x_wconf 86' lang='lat' dir='ltr'><strong>videretnrse</strong></span> <span class='ocrx_word' id='word_1_198' title='bbox 853 3206 997 3275; x_wconf 85' lang='lat' dir='ltr'><strong>voluisse</strong></span> <span class='ocrx_word' id='word_1_199' title='bbox 1012 3207 1105 3296; x_wconf 85' lang='lat' dir='ltr'><strong>illud,</strong></span> <span class='ocrx_word' id='word_1_200' title='bbox 1124 3230 1212 3275; x_wconf 92' lang='lat' dir='ltr'><strong>nnnc</strong></span> <span class='ocrx_word' id='word_1_201' title='bbox 1229 3215 1342 3275; x_wconf 83' lang='lat' dir='ltr'><strong>autem</strong></span> 
     </span>
     <span class='ocr_line' id='line_1_26' title="bbox 237 3261 1343 3400; baseline 0 -23"><span class='ocrx_word' id='word_1_202' title='bbox 237 3311 398 3378; x_wconf 83' lang='lat' dir='ltr'><strong>abiecisse</strong></span> <span class='ocrx_word' id='word_1_203' title='bbox 426 3332 502 3377; x_wconf 83' lang='lat' dir='ltr'><strong>eam</strong></span> <span class='ocrx_word' id='word_1_204' title='bbox 522 3311 735 3378; x_wconf 82' lang='lat' dir='ltr'><strong>voluntatem.</strong></span> <span class='ocrx_word' id='word_1_205' title='bbox 788 3309 999 3378; x_wconf 89' lang='lat' dir='ltr'><strong>Simillimnm</strong></span> <span class='ocrx_word' id='word_1_206' title='bbox 1025 3318 1075 3378; x_wconf 86' lang='lat' dir='ltr'><strong>est</strong></span> <span class='ocrx_word' id='word_1_207' title='bbox 1095 3261 1163 3378; x_wconf 89' lang='lat' dir='ltr'><strong>hoc</strong></span> <span class='ocrx_word' id='word_1_208' title='bbox 1187 3310 1343 3400; x_wconf 82' lang='lat' dir='ltr'><strong>Dionysii</strong></span> 
     </span>
     <span class='ocr_line' id='line_1_27' title="bbox 235 3406 1340 3540; baseline 0.005 -60"><span class='ocrx_word' id='word_1_209' title='bbox 235 3412 313 3480; x_wconf 82' lang='lat' dir='ltr'><strong>Hal.</strong></span> <span class='ocrx_word' id='word_1_210' title='bbox 336 3413 409 3482; x_wconf 87' lang='lat' dir='ltr'><strong>Art.</strong></span> <span class='ocrx_word' id='word_1_211' title='bbox 430 3410 584 3481; x_wconf 80' lang='lat' dir='ltr'><strong>Rhetc.</strong></span> <span class='ocrx_word' id='word_1_212' title='bbox 609 3412 643 3479; x_wconf 91' lang='grc'><strong>3.</strong></span> <span class='ocrx_word' id='word_1_213' title='bbox 667 3413 735 3482; x_wconf 90' lang='lat' dir='ltr'><strong>init.</strong></span> <span class='ocrx_word' id='word_1_214' title='bbox 758 3436 793 3502; x_wconf 92' lang='lat' dir='ltr'><strong>p.</strong></span> <span class='ocrx_word' id='word_1_215' title='bbox 811 3411 937 3481; x_wconf 83' lang='grc'><strong>233.</strong></span> <span class='ocrx_word' id='word_1_216' title='bbox 919 3411 1010 3540; x_wconf 82' lang='grc' dir='ltr'><strong><em>εμρί</em></strong></span> <span class='ocrx_word' id='word_1_217' title='bbox 1019 3413 1089 3502; x_wconf 85' lang='grc' dir='ltr'><strong>μὲν</strong></span> <span class='ocrx_word' id='word_1_218' title='bbox 1110 3440 1155 3509; x_wconf 94' lang='grc' dir='ltr'><strong>ην</strong></span> <span class='ocrx_word' id='word_1_219' title='bbox 1175 3406 1340 3537; x_wconf 72' lang='grc' dir='ltr'><strong><em>τερρνόν,</em></strong></span> 
     </span>
     <span class='ocr_line' id='line_1_28' title="bbox 162 3505 1343 3642; baseline 0.003 -57"><span class='ocrx_word' id='word_1_220' title='bbox 162 3596 171 3616; x_wconf 25' lang='grc' dir='ltr'><strong><em>η</em></strong></span> <span class='ocrx_word' id='word_1_221' title='bbox 238 3505 352 3586; x_wconf 79' lang='grc' dir='ltr'><strong><em>αὐτόν</em></strong></span> <span class='ocrx_word' id='word_1_222' title='bbox 375 3507 542 3608; x_wconf 85' lang='grc' dir='ltr'><strong><em>παρόντα</em></strong></span> <span class='ocrx_word' id='word_1_223' title='bbox 571 3513 631 3586; x_wconf 89' lang='grc' dir='ltr'><strong>καί</strong></span> <span class='ocrx_word' id='word_1_224' title='bbox 658 3508 924 3642; x_wconf 76' lang='grc' dir='ltr'><strong><em>συγχρρεόοντα</em></strong></span> <span class='ocrx_word' id='word_1_225' title='bbox 952 3507 1011 3585; x_wconf 81' lang='grc' dir='ltr'><strong>καί</strong></span> <span class='ocrx_word' id='word_1_226' title='bbox 1043 3509 1343 3609; x_wconf 83' lang='grc' dir='ltr'><strong><em>α’ναβακχεόοντα</em></strong></span> 
     </span>
     <span class='ocr_line' id='line_1_29' title="bbox 237 3608 1342 3714; baseline -0.003 -26"><span class='ocrx_word' id='word_1_227' title='bbox 237 3608 335 3707; x_wconf 80' lang='grc' dir='ltr'><strong><em>μετοέ</em></strong></span> <span class='ocrx_word' id='word_1_228' title='bbox 362 3616 443 3715; x_wconf 71' lang='grc' dir='ltr'><strong><em>σοιἰ,</em></strong></span> <span class='ocrx_word' id='word_1_229' title='bbox 470 3616 534 3710; x_wconf 83' lang='grc' dir='ltr'><strong>τῆς</strong></span> <span class='ocrx_word' id='word_1_230' title='bbox 554 3616 692 3714; x_wconf 79' lang='grc' dir='ltr'><strong><em>φίλης’</em></strong></span> <span class='ocrx_word' id='word_1_231' title='bbox 677 3616 760 3708; x_wconf 85' lang='grc' dir='ltr'><strong><em>εμοί</em></strong></span> <span class='ocrx_word' id='word_1_232' title='bbox 782 3614 998 3714; x_wconf 80' lang='grc' dir='ltr'><strong><em>κεφαλῆς,</em></strong></span> <span class='ocrx_word' id='word_1_233' title='bbox 975 3623 1112 3711; x_wconf 82' lang='grc' dir='ltr'><strong><em>υμνεῖν.</em></strong></span> <span class='ocrx_word' id='word_1_234' title='bbox 1167 3618 1246 3703; x_wconf 81' lang='lat' dir='ltr'><strong>Quo</strong></span> <span class='ocrx_word' id='word_1_235' title='bbox 1263 3620 1342 3686; x_wconf 90' lang='lat' dir='ltr'><strong>loco</strong></span> 
     </span>
     <span class='ocr_line' id='line_1_30' title="bbox 237 3710 1342 3811; baseline 0.003 -26"><span class='ocrx_word' id='word_1_236' title='bbox 237 3719 292 3786; x_wconf 86' lang='lat' dir='ltr'><strong>vix</strong></span> <span class='ocrx_word' id='word_1_237' title='bbox 306 3727 389 3810; x_wconf 87' lang='lat' dir='ltr'><strong>puto</strong></span> <span class='ocrx_word' id='word_1_238' title='bbox 408 3710 551 3787; x_wconf 82' lang='lat' dir='ltr'><strong>dubitari</strong></span> <span class='ocrx_word' id='word_1_239' title='bbox 564 3743 665 3811; x_wconf 87' lang='lat' dir='ltr'><strong>posse</strong></span> <span class='ocrx_word' id='word_1_240' title='bbox 681 3720 761 3809; x_wconf 87' lang='lat' dir='ltr'><strong>quin</strong></span> <span class='ocrx_word' id='word_1_241' title='bbox 776 3721 936 3789; x_wconf 86' lang='lat' dir='ltr'><strong>exciderit</strong></span> <span class='ocrx_word' id='word_1_242' title='bbox 949 3719 1164 3811; x_wconf 80' lang='lat' dir='ltr'><strong>particula</strong></span> <span class='ocrx_word' id='word_1_243' title='bbox 1139 3747 1195 3792; x_wconf 93' lang='grc' dir='ltr'><strong>αν</strong></span> <span class='ocrx_word' id='word_1_244' title='bbox 1246 3721 1342 3789; x_wconf 86' lang='lat' dir='ltr'><strong>Dici</strong></span> 
     </span>
     <span class='ocr_line' id='line_1_31' title="bbox 237 3817 1369 3920; baseline 0.005 -33"><span class='ocrx_word' id='word_1_245' title='bbox 237 3831 290 3887; x_wconf 88' lang='lat' dir='ltr'><strong>tur</strong></span> <span class='ocrx_word' id='word_1_246' title='bbox 306 3845 387 3889; x_wconf 87' lang='lat' dir='ltr'><strong>vero</strong></span> <span class='ocrx_word' id='word_1_247' title='bbox 401 3823 500 3890; x_wconf 84' lang='lat' dir='ltr'><strong>etiam</strong></span> <span class='ocrx_word' id='word_1_248' title='bbox 520 3817 720 3920; x_wconf 91' lang='grc' dir='ltr'><strong><em>ἐβουλόμην</em></strong></span> <span class='ocrx_word' id='word_1_249' title='bbox 734 3823 803 3914; x_wconf 90' lang='grc' dir='ltr'><strong>μέν</strong></span> <span class='ocrx_word' id='word_1_250' title='bbox 822 3822 867 3894; x_wconf 79' lang='grc' dir='ltr'><strong>ἄν</strong></span> <span class='ocrx_word' id='word_1_251' title='bbox 874 3877 888 3913; x_wconf 90' lang='lat'><em>,</em></span> <span class='ocrx_word' id='word_1_252' title='bbox 915 3833 953 3891; x_wconf 85' lang='lat' dir='ltr'><strong>ut</strong></span> <span class='ocrx_word' id='word_1_253' title='bbox 967 3822 1060 3915; x_wconf 83' lang='lat' dir='ltr'><strong>apnd</strong></span> <span class='ocrx_word' id='word_1_254' title='bbox 1078 3823 1342 3915; x_wconf 83' lang='lat' dir='ltr'><strong>Aristophanem</strong></span> <span class='ocrx_word' id='word_1_255' title='bbox 1364 3895 1369 3906; x_wconf 77' lang='grc'>,</span> 
     </span>
    </p>
   </div>
   <div class='ocr_carea' id='block_1_9' title="bbox 166 3919 474 3994">
    <p class='ocr_par' dir='ltr' id='par_1_10' title="bbox 166 3919 474 3994">
     <span class='ocr_line' id='line_1_32' title="bbox 166 3919 474 3994; baseline 0 -4"><span class='ocrx_word' id='word_1_256' title='bbox 166 3926 168 3931; x_wconf 81' lang='grc'><strong>’</strong></span> <span class='ocrx_word' id='word_1_257' title='bbox 236 3923 368 3993; x_wconf 88' lang='lat' dir='ltr'><strong>Eccles.</strong></span> <span class='ocrx_word' id='word_1_258' title='bbox 387 3919 474 3994; x_wconf 82' lang='grc'><strong>151.</strong></span> 
     </span>
    </p>
   </div>
   <div class='ocr_carea' id='block_1_10' title="bbox 337 4054 1194 4280">
    <p class='ocr_par' dir='ltr' id='par_1_11' title="bbox 337 4054 1184 4279">
     <span class='ocr_line' id='line_1_33' title="bbox 340 4054 1133 4206; baseline 0.003 -57"><span class='ocrx_word' id='word_1_259' title='bbox 340 4054 544 4198; x_wconf 89' lang='grc' dir='ltr'><strong><em>ἐβουλόμην</em></strong></span> <span class='ocrx_word' id='word_1_260' title='bbox 568 4104 637 4171; x_wconf 93' lang='grc' dir='ltr'><strong><em>μεν</em></strong></span> <span class='ocrx_word' id='word_1_261' title='bbox 664 4083 816 4206; x_wconf 78' lang='grc' dir='ltr'><strong><em>ἕτερον</em></strong></span> <span class='ocrx_word' id='word_1_262' title='bbox 812 4104 859 4151; x_wconf 87' lang='grc' dir='ltr'><strong>αν</strong></span> <span class='ocrx_word' id='word_1_263' title='bbox 884 4075 958 4150; x_wconf 71' lang='grc' dir='ltr'><strong><em>τοῖν</em></strong></span> <span class='ocrx_word' id='word_1_264' title='bbox 983 4072 1133 4175; x_wconf 78' lang='grc' dir='ltr'><strong><em>η’θοίδων</em></strong></span> 
     </span>
     <span class='ocr_line' id='line_1_34' title="bbox 337 4173 1194 4280; baseline 0 -27"><span class='ocrx_word' id='word_1_265' title='bbox 337 4180 455 4272; x_wconf 79' lang='grc' dir='ltr'><strong><em>λέγειν</em></strong></span> <span class='ocrx_word' id='word_1_266' title='bbox 480 4208 528 4251; x_wconf 88' lang='grc' dir='ltr'><strong>τα</strong></span> <span class='ocrx_word' id='word_1_267' title='bbox 520 4174 721 4274; x_wconf 30' lang='lat' dir='ltr'><strong>firmavero</strong></span> <span class='ocrx_word' id='word_1_268' title='bbox 731 4229 741 4266; x_wconf 91' lang='lat'>,</span> <span class='ocrx_word' id='word_1_269' title='bbox 767 4187 802 4254; x_wconf 85' lang='grc' dir='ltr'><strong>ίν</strong></span> <span class='ocrx_word' id='word_1_270' title='bbox 807 4173 1079 4280; x_wconf 74' lang='grc' dir='ltr'><strong><em>’ἐκαθήμην”</em></strong></span> <span class='ocrx_word' id='word_1_271' title='bbox 1055 4207 1194 4278; x_wconf 85' lang='grc' dir='ltr'><strong><em>ησυχος.</em></strong></span> 
     </span>
    </p>
   </div>
   <div class='ocr_carea' id='block_1_11' title="bbox 239 4325 1340 4425">
    <p class='ocr_par' dir='ltr' id='par_1_12' title="bbox 239 4325 1340 4425">
     <span class='ocr_line' id='line_1_35' title="bbox 239 4325 1340 4425; baseline 0.01 -26"><span class='ocrx_word' id='word_1_272' title='bbox 239 4331 308 4416; x_wconf 81' lang='lat' dir='ltr'><strong>Qui</strong></span> <span class='ocrx_word' id='word_1_273' title='bbox 321 4332 432 4419; x_wconf 87' lang='lat' dir='ltr'><strong>iocus,</strong></span> <span class='ocrx_word' id='word_1_274' title='bbox 460 4341 498 4401; x_wconf 92' lang='lat' dir='ltr'><strong>nt</strong></span> <span class='ocrx_word' id='word_1_275' title='bbox 509 4325 663 4425; x_wconf 88' lang='lat' dir='ltr'><strong>pleriq&#39;ue</strong></span> <span class='ocrx_word' id='word_1_276' title='bbox 677 4357 809 4420; x_wconf 84' lang='lat' dir='ltr'><strong>omnes,</strong></span> <span class='ocrx_word' id='word_1_277' title='bbox 833 4332 1006 4422; x_wconf 83' lang='lat' dir='ltr'><strong>inquibus</strong></span> <span class='ocrx_word' id='word_1_278' title='bbox 1026 4334 1194 4402; x_wconf 87' lang='lat' dir='ltr'><strong>adiectum</strong></span> <span class='ocrx_word' id='word_1_279' title='bbox 1214 4333 1309 4404; x_wconf 86' lang='lat' dir='ltr'><strong>est</strong></span> <span class='ocrx_word' id='word_1_280' title='bbox 1284 4361 1340 4416; x_wconf 83' lang='grc' dir='ltr'><strong>αν,</strong></span> 
     </span>
    </p>
   </div>
   <div class='ocr_carea' id='block_1_12' title="bbox 0 0 1430 4920">
    <p class='ocr_par' dir='ltr' id='par_1_13' title="bbox 0 0 1430 4920">
     <span class='ocr_line' id='line_1_36' title="bbox 0 0 1430 4920; baseline 0 0"><span class='ocrx_word' id='word_1_281' title='bbox 0 0 1430 4920; x_wconf 95' lang='lat' dir='ltr'><strong> </strong></span> 
     </span>
    </p>
   </div>
  </div>
 </body>
</html>
