2842 4920
490 356 572 417 ΗΒ.
595 355 618 419 1.
663 355 756 417 CAP.
777 361 808 421 o.
985 390 989 403 ¹
1159 361 1201 422 17

96 546 358 637 cumscriptnm,
383 570 464 615 vera
486 547 623 639 quidem
647 557 723 616 sunt
747 548 833 614 intra
853 546 916 615 hos
937 546 1071 636 limites,
1106 549 1200 637 quod

96 661 209 717 autem
226 661 321 717 extra
335 673 393 718 eos
409 661 479 736 est,
508 652 668 719 intactum
683 652 884 746 relinquunt
933 651 1022 718 Nam
1036 653 1202 741 particula

96 753 141 824 dv
158 777 265 842 quum
286 756 410 842 ubique
425 754 470 821 ad
494 755 718 822 conditionem
742 754 889 842 aliquam
906 753 1086 841 referatur,
1111 778 1200 844 quae

97 857 244 923 conditio
260 868 318 924 aut
334 858 473 948 impleta
488 867 626 925 autnon
645 858 784 948 impleta
798 855 1005 946 intelligitur,
1033 880 1110 924 eum
1128 867 1201 926 tan-

94 960 273 1027 tummodo
294 962 365 1029 eius
385 982 499 1047 usum,
533 984 602 1048 quo
624 960 668 1027 ad
690 983 758 1027 non
778 961 951 1050 impletam
974 961 1200 1053 conditionem

93 1063 251 1147 refertur,
268 1065 326 1152 qui
336 1065 437 1155 longe
452 1072 503 1131 est
516 1065 622 1131 altero
637 1065 795 1147 crebrior,
817 1063 981 1153 spectavit
989 1063 1199 1154 Apollonius.

94 1165 196 1232 Vnde
209 1168 284 1233 fieri
301 1191 368 1235 non
383 1168 512 1258 potuit,
534 1168 615 1255 quin
626 1168 688 1249 ita,
713 1175 751 1233 ut
763 1165 859 1252 fecit,
885 1165 1047 1233 rationem
1061 1169 1200 1234 conclu-

95 1268 203 1341 deret.
240 1270 328 1336 Nam
344 1269 510 1359 quidquid
524 1270 568 1337 ad
585 1270 812 1337 conditionem
826 1291 893 1335 non
905 1270 1076 1360 impletam
1090 1271 1201 1337 refer-

96 1381 149 1439 tur
177 1395 219 1439 ex
240 1396 347 1462 eaque
369 1373 514 1463 pendet,
540 1374 722 1463 praeterito
749 1381 904 1461 tempore
935 1371 1114 1439 dicendum
1139 1382 1201 1461 est,
1285 1450 1293 1461 ,

97 1475 302 1562 quiaillud,
327 1499 395 1543 non
418 1499 490 1544 esse
510 1478 682 1566 impletam
712 1475 954 1559 conditionem,
979 1498 1033 1543 res
1058 1477 1201 1544 ostiam

95 1579 286 1669 praeterita.
339 1580 458 1667 ltaque
480 1602 547 1647 non
572 1579 706 1646 Graeca
725 1578 849 1661 solum,
876 1577 937 1645 sed
959 1577 1043 1644 aliae
1063 1601 1201 1668 quoque

97 1691 131 1748 et
150 1683 266 1749 nescio
282 1705 325 1748 an
340 1705 457 1749 omnes
481 1683 615 1773 linguae
635 1681 669 1747 in
685 1680 753 1746 hoc
768 1701 894 1770 genere
908 1679 1017 1746 verbis
1030 1682 1202 1770 praeteriti

97 1786 258 1874 temporis
275 1794 428 1865 utuntur,
452 1785 521 1853 sive
536 1784 579 1851 de
596 1783 776 1875 praeterita
788 1805 844 1865 re,
871 1782 940 1848 sive
955 1781 999 1860 de
1010 1791 1200 1872 praesente,

97 1890 165 1954 sive
179 1888 348 1955 defutura
362 1888 569 1977 loquendum
581 1889 631 1958 sit.
657 1885 703 1954 Vt
706 1884 889 1978 facturos
904 1907 1020 1953 essem
1033 1887 1091 1974 qui
1109 1886 1200 1968 dicit,

96 1991 161 2057 iam
174 2013 244 2058 non
263 1991 391 2058 factum
411 2014 483 2058 esse
498 1993 581 2058 sciat
597 2013 734 2058 necesse
752 1997 802 2056 est
820 1986 921 2075 illud,
947 1987 1041 2077 qnod
1061 1990 1088 2056 si
1113 1997 1202 2057 esset

95 2095 240 2175 factum,
265 2095 339 2185 ipse
354 2094 391 2161 id
405 2094 497 2183 quod
515 2095 640 2186 agebat
655 2101 727 2161 erat
741 2092 900 2158 facturus.
942 2092 1101 2182 Negleuit
1118 2115 1200 2159 vero

96 2197 293 2288 Apollonius
314 2200 452 2265 alteram
471 2200 654 2282 rationem,
680 2220 747 2286 qua
760 2194 923 2287 particula
946 2192 992 2264 dv
1015 2195 1060 2261 ad
1075 2196 1200 2286 imple-

94 2310 163 2367 tam
178 2301 404 2368 couditionem
419 2301 571 2370 refertur.
616 2301 714 2385 Quae
727 2300 812 2367 ratio
829 2297 986 2387 quoniam
1008 2320 1078 2364 non
1095 2300 1201 2365 levius
1232 2297 1238 2316 ’

93 2413 300 2472 momentum
329 2428 432 2493 qnam
456 2406 550 2496 prior
571 2405 629 2473 illa
652 2403 697 2470 ad
720 2404 856 2494 plenam
876 2410 1133 2488 accuratamque
1150 2402 1200 2468 rei

94 2508 338 2598 expositionem
366 2508 487 2593 habet,
519 2531 581 2575 nos
604 2516 781 2594 utramque
802 2506 848 2572 ita
870 2503 1129 2594 coniungemuS,
1161 2511 1201 2570 ut
1271 2548 1280 2557 -

94 2612 211 2678 ambas
225 2633 267 2677 ex
283 2613 452 2678 communi
468 2635 569 2700 quem
581 2611 709 2678 habent
720 2610 813 2676 fonte
826 2614 1027 2698 repetamus,

198 2713 442 2802 Quaecumque
461 2716 534 2782 fieri
556 2715 611 2782 vel
630 2737 700 2781 non
719 2712 794 2779 fieri
809 2711 969 2792 dicimus,
994 2716 1052 2776 aut
1069 2709 1199 2800 simpli-

97 2818 178 2885 citer
194 2817 401 2885 affirmamus
417 2841 622 2908 negamusve
636 2819 726 2884 facta
744 2838 828 2899 esse,
853 2813 908 2882 vel
920 2813 1013 2898 fieri,
1038 2814 1092 2879 vel
1107 2813 1199 2881 fore:

97 2922 151 2987 cui
166 2920 241 2986 usui
253 2921 363 2988 nudus
381 2922 528 2988 omnium
543 2930 735 3011 temporum
750 2918 945 2986 indicativus
959 2916 1111 2982 inservit:
1142 2924 1201 2981 aut

94 3025 140 3090 ita
161 3046 483 3110 commemoramus,
503 3032 541 3090 ut
557 3023 691 3090 effectio
711 3043 827 3086 eorum
843 3019 1062 3107 restringatur
1080 3017 1221 3083 condin·

95 3127 185 3193 tione
203 3127 323 3214 aliqua,
345 3150 432 3217 quae
449 3149 524 3194 eam
537 3126 594 3193 vel
611 3147 653 3192 ex
668 3131 765 3214 parte
778 3121 834 3188 vel
848 3127 952 3187 totam
967 3118 1078 3184 tollat:
1104 3118 1200 3205 quod

94 3230 132 3296 fit
148 3230 335 3298 adiectione
352 3230 537 3321 particulae
558 3226 613 3301 ἄν.
646 3228 743 3295 Haec
760 3225 847 3293 enim
861 3220 1024 3313 particula
1040 3221 1199 3310 quoniam

92 3333 141 3399 rei
162 3333 317 3400 fortuitae
342 3334 548 3401 notationem
574 3332 735 3411 continet,
770 3328 852 3395 facit
875 3323 1053 3393 indicativo
1072 3323 1199 3411 addita,

93 3446 130 3502 ut
144 3435 280 3503 effectio
296 3459 315 3503 e
336 3436 472 3503 fortuita
494 3438 605 3524 aliqua
622 3456 738 3502 caussa
759 3452 920 3522 suspensa
941 3451 1013 3496 esse
1028 3427 1198 3517 intelliga-

92 3547 156 3607 tur.
209 3539 385 3629 Significat
411 3562 496 3630 ergo
520 3540 577 3606 illa
603 3535 824 3619 constructio,
855 3531 930 3600 lieri
954 3531 1053 3620 quid,
1080 3531 1108 3597 si
1126 3529 1198 3597 fors

90 3642 188 3712 ferat.
237 3643 356 3730 ltaque
378 3666 482 3732 quum
497 3644 617 3732 ἔλεγον
632 3642 702 3708 sine
716 3635 923 3706 restrictione
943 3634 1089 3716 dicatur,
1116 3632 1198 3703 ἔλε-

92 3772 157 3836 γον
179 3742 225 3814 ἄν
246 3745 390 3813 refertur
408 3745 454 3813 ad
469 3745 695 3813 conditionem
716 3743 880 3828 aliquam,
916 3760 936 3804 e
960 3737 1052 3803 cuius
1076 3743 1198 3801 eventu

91 3848 242 3938 pendeat
260 3847 405 3915 effectio.
455 3850 555 3916 Nunc
571 3847 719 3913 conditio
740 3846 795 3911 illa
811 3851 869 3908 aut
887 3840 1024 3930 impleta
1038 3838 1198 3926 intelligi-

91 3961 162 4037 tur,
188 3959 246 4017 aut
267 3974 335 4018 non
351 3952 498 4041 impleta.
549 3951 587 4019 Si
602 3951 756 4041 impleta,
782 3954 819 4012 ut
842 3945 962 4034 ἔλεγον
985 3939 1031 4012 ἄν
1041 3994 1055 4026 ,
1083 3933 1196 4012 ὁπότε

91 4079 146 4131 τις
169 4047 323 4151 ἐρωτῴη,
349 4055 470 4122 veritos
487 4055 569 4121 facti
587 4062 738 4144 exparte
753 4049 889 4132 tollitur,
915 4066 957 4112 ex
972 4053 1070 4134 parte
1084 4052 1196 4109 autem

91 4156 286 4226 affirmatur.
339 4159 429 4224 Nam
444 4171 566 4245 ¹neque
599 4156 693 4246 quod
715 4152 820 4221 semel
841 4157 932 4216 certo
955 4156 1112 4237 tempore
1140 4145 1196 4211 fa-

92 4269 181 4325 ctum
205 4260 267 4343 sit,
294 4283 405 4349 neque
429 4260 522 4350 quod
537 4282 688 4349 semper,
715 4253 922 4336 enunciatur,
949 4251 1011 4318 sed
1033 4249 1197 4315 indicatur

89 4363 182 4449 quod
197 4373 232 4430 ut
247 4360 439 4454 plurimum,
454 4363 568 4454 prouti
582 4363 651 4431 fors
664 4363 779 4446 ferret,
796 4356 870 4426 fieri
881 4352 1100 4422 consueverit
1124 4350 1195 4416 lta-

139 4482 261 4551 Humn.
288 4481 354 4552 ΟΡ.
376 4485 433 4552 lv.
958 4470 992 4538 Β
