2842 4920
188 297 196 394 s
231 346 296 412 aas
594 340 651 404 nn
676 342 974 406 sacnrnrms
1014 408 1017 416 ,

231 537 471 606 Vniversorum
536 543 649 603 autem
711 556 857 629 gregum
921 533 1008 603 haec
1073 552 1204 604 summa
1272 547 1336 625 est,

231 635 519 727 scarlatano.
533 640 565 730 ¹)
618 637 688 723 Qui
710 639 797 708 haec
822 637 925 725 eruit,
950 639 986 706 in
1006 658 1048 707 eo
1065 639 1203 729 quidem
1222 637 1335 733 magis

229 742 425 837 probandus
441 741 582 831 videtur,
608 763 711 832 quam
726 741 860 830 Spurii,
887 741 945 831 qui
959 739 1054 831 quod
1069 742 1221 811 viderent
1235 745 1334 812 albos

229 848 413 941 nigrosque
441 854 553 913 tauros
579 846 615 913 in
641 862 745 913 uuum
772 845 970 912 coniunctos
999 843 1126 914 debere
1155 868 1333 914 numerum

229 950 431 1040 quadratum
445 948 600 1035 efficere,
625 948 716 1017 hunc
733 947 964 1039 quaerendum
984 957 1195 1034 censuerunt,
1223 962 1333 1039 eoque

228 1056 362 1122 invento
392 1071 550 1120 numeros
584 1060 771 1142 posuerunt
806 1060 980 1121 taurorum
1008 1073 1255 1142 vaccarumque
1286 1054 1333 1121 ad

228 1156 385 1226 eamdem
406 1156 569 1223 rationem
591 1162 744 1240 exactos,
770 1154 832 1222 sed
848 1155 956 1221 multo
970 1156 1133 1237 maiores,
1164 1164 1198 1224 et
1217 1164 1332 1224 tamen

228 1262 298 1351 sine
320 1260 449 1342 fructu,
480 1259 560 1347 quia
577 1258 696 1326 ultima
720 1268 817 1348 parte
842 1257 1062 1349 problematis
1081 1279 1149 1325 non
1170 1258 1332 1350 expedita

228 1362 311 1432 nihil
329 1362 555 1456 profecerunt
610 1362 726 1445 Quare
743 1362 819 1428 satis
841 1369 913 1429 erat
936 1361 1090 1429 minimos
1109 1382 1239 1454 ponere
1266 1386 1332 1430 nu-

227 1486 339 1535 meros
358 1487 485 1551 omues,
511 1484 596 1554 qnos
611 1464 711 1532 facile
727 1463 800 1553 quis
814 1472 938 1555 postea
953 1486 996 1531 eo
1011 1486 1151 1534 numero
1165 1465 1330 1556 multipli-

228 1578 341 1654 caret,
366 1570 402 1636 in
418 1589 487 1657 quo
501 1566 702 1635 inveniendo
716 1568 815 1634 unice
828 1568 1009 1638 laboratur.
1062 1567 1183 1658 anue
1198 1569 1256 1636 via
1273 1592 1331 1636 sa-

225 1674 358 1765 pienter
369 1673 412 1740 ab
428 1672 505 1762 ipso
518 1679 591 1740 erat
606 1670 812 1738 Archimede
827 1679 1018 1744 monstrata.
1393 1658 1397 1674 '

330 1775 401 1845 Sed
416 1774 618 1851 veniendum
640 1773 748 1842 estad
760 1772 807 1860 id,
832 1773 1042 1865 quodsupra
1056 1771 1223 1860 dicebam,
1249 1794 1331 1841 ver-

226 1879 276 1948 bls
293 1896 361 1947 non
381 1884 474 1946 recte
490 1877 664 1945 intellectis
682 1875 773 1945 aliud
787 1877 862 1968 agi,
889 1884 990 1966 atque
1007 1874 1230 1945 Archimedes
1243 1896 1330 1968 pro-

225 1984 395 2075 posuerat.
428 1978 470 2048 ld
485 1979 612 2048 factum
627 1989 678 2048 est
697 1980 830 2069 duobus
848 1979 883 2047 in
898 1979 991 2047 locis.
1027 1979 1074 2046 Et
1089 1979 1236 2070 primum
1250 1979 1329 2069 qul-

137 2091 139 2098 '
226 2084 305 2154 dem
322 2106 353 2153 v.
371 2082 430 2150 24.
444 2083 503 2150 ubi
515 2082 660 2152 Leistius
674 2091 709 2150 et
728 2083 850 2150 Stravii
864 2081 1108 2150 inconsiderate
1129 2082 1329 2150 scholiastae

224 2187 367 2256 rationes
384 2186 532 2272 sequuti,
558 2183 800 2255 removendum
817 2185 985 2253 duxemnt
998 2185 1140 2252 verbum
1157 2186 1326 2280 τετραχῇ.

225 2283 331 2375 Quod
354 2307 460 2378 quum
480 2288 515 2356 in
539 2284 684 2382 ἀτρεκὲς
703 2287 825 2354 mutari
846 2287 1040 2374 voluerunt,
1073 2296 1182 2354 metro
1204 2289 1327 2356 intule-

222 2397 301 2463 mnt
313 2392 448 2476 vitium,
475 2391 529 2460 cni
545 2391 736 2460 excusando
758 2391 1020 2483 immitioribus
1042 2411 1110 2458 non
1134 2391 1231 2458 deest
1252 2414 1327 2459 ma·

223 2496 338 2566 china:
365 2494 521 2586 scriptori
538 2495 789 2588 epigrammatis
804 2516 873 2563 non
889 2502 976 2562 esset
999 2494 1190 2563 excusabile
1208 2495 1324 2562 visum.

224 2599 295 2670 Gur
310 2597 602 2669 vero'damnemus
616 2618 737 2666 vocem
750 2597 869 2666 illam?
893 2597 1042 2665 'lhntum
1056 2599 1152 2667 abest
1167 2597 1266 2688 enim,
1289 2606 1327 2665 nt

221 2704 350 2772 numeri
366 2724 434 2770 non
457 2709 662 2794 congruant,
687 2702 718 2786 si
740 2701 965 2792 quadraginta
990 2709 1146 2790 quattuor
1169 2720 1236 2792 pro
1259 2720 1324 2768 un-

221 2807 333 2898 decim
346 2805 519 2873 tricesimis
533 2804 685 2897 partibus
697 2812 876 2896 ponantur,
902 2812 1015 2872 utnon
1029 2800 1137 2874 solnm
1149 2805 1324 2893 aliquanto

220 2911 364 2977 minores
387 2909 489 2994 fiant,
512 2908 573 2977 sed
596 2909 697 2976 etiam
717 2907 937 2999 impediatur,
964 2931 1008 2975 ne
1028 2931 1123 2976 secus
1145 2931 1248 2998 quam
1261 2932 1322 2975 na-

198 3011 305 3080 litura
323 3021 357 3081 et
372 3012 536 3096 mosten,
563 3020 733 3080 taurorum
748 3013 855 3080 maior
870 3012 913 3079 sit
924 3034 1027 3100 quam
1040 3034 1218 3079 vaccarum
1234 3013 1322 3079 mul-

111 3200 113 3207 γ
221 3116 340 3188 titudo.
393 3115 531 3184 Scilicet
553 3116 713 3204 quoniam
738 3137 780 3184 ex
805 3114 947 3183 minimis
979 3123 1153 3182 taurorum
1176 3115 1321 3182 numeris

214 3217 334 3305 2226,
354 3226 388 3285 et
409 3217 527 3303 16112,
558 3227 591 3286 et
609 3214 722 3305 1580,
741 3226 775 3285 et
790 3215 878 3306 891,
896 3217 1062 3311 eruendus
1078 3227 1129 3286 est
1141 3240 1321 3285 vaccarum

220 3343 394 3406 numerus,
426 3320 572 3388 invenies
601 3320 753 3388 albarum
782 3316 1001 3388 multitudinis
1024 3341 1204 3388 vaccarum
1234 3343 1320 3410 quae

220 3423 375 3493 detractis
402 3422 506 3520 Ῑῐῇθΰ
527 3424 680 3514 partibus
704 3422 854 3512 reliquae
874 3431 949 3490 sunt
963 3432 1078 3514 partes
1100 3423 1205 3523 3133}
1226 3423 1319 3511 hisce

218 3526 428 3618 aequiparari
444 3526 649 3594 taurinomm
664 3549 811 3619 gregum
824 3526 992 3618 partibus:
1289 3514 1296 3549 s

309 3659 333 3710 i.
348 3657 417 3711 1602
550 3656 593 3714 21.
613 3656 683 3710 1581)
821 3654 866 3710 ii.
879 3651 938 3710 v891
1062 3654 1122 3710 lla.
1144 3655 1216 3710 2226

310 3738 417 3812 ‘a‘
470 3707 509 3779 ³⁵
545 3738 691 3813 *aa*
741 3706 779 3780 ÷
827 3737 947 3812 m·
981 3705 1018 3778 ÷
1065 3732 1215 3813 aa*

302 4008 331 4082 a)
351 4005 463 4064 Censor
476 4005 508 4064 in
522 4005 625 4064 Dium.
642 4003 704 4064 len.
720 4025 746 4062 a.
762 4005 855 4071 1829.
871 4023 911 4064 m.
928 4003 1036 4063 Martio
1049 4000 1103 4068 fol.
1121 4003 1173 4069 49.
1184 4002 1266 4082 quod
1276 4003 1318 4062 sic

216 4091 348 4170 scriptus
362 4089 463 4149 esthic
477 4109 628 4166 numerus,
651 4099 682 4148 et
697 4109 756 4148 non
765 4089 1019 4166 4,031,126‚560,
1042 4097 1072 4148 et
1085 4087 1222 4148 similiter
1229 4088 1316 4148 etiam

216 4177 268 4256 qui
276 4173 470 4256 praecedunt,
484 4173 668 4255 typographi
678 4194 780 4234 errore
787 4175 900 4234 factum
906 4184 1004 4254 putat.
1026 4176 1066 4233 At
1074 4175 1213 4233 consulto
1221 4175 1263 4233 ita
1272 4173 1316 4231 di-

215 4263 280 4336 visi,
298 4271 341 4337 ut,
368 4260 419 4339 qui
433 4257 611 4320 scholiastae
625 4259 714 4320 verba
725 4270 923 4338 compararet,
947 4259 983 4318 ab
997 4259 1170 4319 millenariis
1184 4259 1328 4320 numeris

213 4347 377 4429 myriades,
401 4367 417 4405 a
432 4344 618 4425 myriadibus
633 4345 769 4425 duplices
783 4343 933 4425 myriades
943 4345 1093 4405 =discretas
1109 4345 1267 4438 inveniret
