2842 4920
411 276 423 293 ’
492 323 575 386 ιιι.
598 323 621 386 ι.
667 325 765 394 cnr.
789 331 841 393 ιο.
1177 338 1219 400 οι

106 510 300 583 Facerem
352 510 458 602 Apud
480 510 745 590 Herodotnnrl
769 514 832 590 42.
865 516 1045 609 Adrastus,
1080 524 1217 593 nonli-
1230 482 1241 508 ⁴

105 615 228 682 beuter
247 637 283 682 se
305 615 396 707 regis
414 614 504 684 iussa
525 616 640 687 facere
664 621 810 688 ostendit
829 620 882 689 his
904 622 1032 694 verbis·
1059 654 1086 698 ω
1075 621 1216 720 βασι-

106 717 168 791 λειλ
176 772 190 806 ,
226 715 338 798 ἄλλως
355 718 425 810 μὲν
448 719 556 813 ἔγωγε
584 720 631 794 οἲν
654 719 719 796 οοίι
740 722 804 820 η’ἴα
829 727 863 804 ἐς
884 721 1022 798 ἄεθλον
1050 724 1214 804 τοιόνδε·

106 819 194 892 οὔτε
203 846 273 916 γαρ
283 847 453 945 σομφορη
441 821 589 953 τρεῇδε
605 829 873 949 τεχρημένον’
838 819 930 906 sends
943 828 1018 900 ἐστι
1034 834 1069 911 ἐς
1081 826 1215 929 ὁμήλι-

104 951 168 1002 αας
181 918 224 995 εὖ
237 917 465 1019 πρήσσοντας
480 926 588 1015 ιε’ναι,
614 926 701 1052 prisc
716 956 760 1002 το
753 921 980 1020 βοολεσθαε
992 925 1104 1027 πείρα,
1126 939 1216 1009 πολ-

104 1026 199 1121 λαχῇ
217 1054 260 1098 τε
288 1024 334 1097 οἷν
360 1027 463 1116 ἴσχον
485 1023 658 1121 ἐμαυτόν.
708 1031 803 1100 Male
824 1042 859 1101 et
878 1042 994 1101 contra
1020 1039 1217 1107 sententiam

104 1130 172 1196 loci
191 1130 387 1198 novissimus
409 1128 569 1199 editor'
545 1130 694 1222 ανίσχον
720 1134 825 1203 dedit.
876 1135 1084 1228 Imperfeeto
1113 1143 1215 1210 utitur

104 1242 250 1323 propter
267 1232 352 1300 illud
373 1233 551 1328 πολλαχῇ·
578 1245 673 1325 ante,
697 1238 757 1306 ubi
774 1240 879 1307 semel
905 1241 1107 1330 capiendum
1131 1267 1215 1313 con·

103 1336 246 1403 silium
237 1359 272 1403 ιιι
294 1344 407 1405 mente
428 1335 606 1423 habet,
582 1348 644 1433 ηϊα
664 1343 793 1465 posuit.
819 1342 970 1410 nondum
995 1346 1100 1432 euim,
1138 1370 1215 1439 mea

104 1440 286 1522 sententia,
316 1440 396 1508 vicit
409 1438 703 1530 Buttmmnus,
679 1453 742 1540 ηϊα
757 1445 947 1537 imperfecti
962 1447 1108 1518 formam
1121 1473 1214 1520 esse:

102 1542 347 1633 Aristophanes
362 1545 427 1616 Ar.
444 1542 532 1617 786

154 1691 289 1786 αὗτίχ
307 1693 410 1789 ὑμῶν
435 1695 510 1769 τοῖν
537 1694 683 1770 θεατων
709 1699 747 1768 εἴ
767 1723 822 1777 τις
848 1724 894 1793 ην
920 1693 1142 1797 απόπτερος,

154 1827 237 1871 ειτα
262 1798 396 1872 πεινῶν
423 1805 500 1880 τοῖς
498 1805 672 1927 χοροῖσι
697 1799 772 1872 τοῖν
797 1801 993 1894 τραγῳδεῖν
1019 1801 1170 1899 ἤχθετο,

152 1894 372 1993 ἐκπτόμενος
397 1901 444 1974 ἄν
470 1898 576 1982 οὗτος
587 1899 793 2030 ἠρίστησεν
817 1896 937 1977 &teor
962 1906 1102 1994 οἴκαδε,

151 2000 236 2099 κᾷτ’
262 2003 309 2077 oia
334 2003 596 2103 ἐμπλησθελς’
577 2001 641 2102 εφ’
667 2002 762 2101 ημᾶς
787 2001 953 2088 addes*
927 2036 974 2080 αν
999 2010 1211 2086 κατέπτετο

101 2156 174 2226 Sed
190 2157 285 2248 quod
298 2159 409 2226 statim
425 2158 593 2249 sequitur,

151 2311 250 2384 εἴτε
255 2309 546 2437 Πατροκλείδης
570 2336 626 2391 τις
651 2306 753 2434 tipum
778 2305 950 2401 τυγχάνει
977 2314 1160 2412 χεζητιῶν,

151 2409 217 2486 οὐκ
244 2412 290 2488 ἄν
315 2413 467 2498 εξίδισεν
493 2416 542 2495 εἰς
567 2407 791 2507 θοιματιον,
817 2409 900 2487 α’λλ
926 2409 1127 2509 erenum,

98 2568 214 2636 nescio
229 2592 274 2636 an
293 2567 421 2636 dietum
445 2568 486 2638 sit
498 2590 579 2636 vere
599 2564 644 2634 de
664 2591 703 2635 re
725 2565 927 2659 praeterita,
954 2590 1059 2657 quum
1082 2568 1210 2638 sactum

99 2671 182 2763 quid
197 2671 388 2741 huiusmodi
404 2695 478 2742 esse
492 2696 513 2739 a
527 2670 720 2739 Patroclide
737 2670 912 2764 significet.

200 2776 255 2845 De
270 2775 389 2845 suturis
405 2777 482 2845 satis
499 2783 629 2844 constat
649 2775 798 2868 ἔμελλον
814 2784 849 2842 et
864 2775 1040 2869 ἐμέλλησα
1056 2775 1211 2868 usurpari

101 2901 142 2946 eo
156 2879 251 2969 quod
265 2880 339 2971 ipsa
351 2878 449 2947 huius
462 2880 556 2947 verbi
567 2889 723 2970 tempora
736 2878 884 2945 indicant
901 2877 1101 2952 discrimine.
1136 2877 1210 2948 Sed

100 2992 150 3050 est
175 2982 277 3051 etiam
293 2983 352 3051 ubi
372 2985 443 3052 siue
466 2981 565 3050 huius
585 2981 681 3049 verbi
698 2981 888 3049 accessione
905 2980 1055 3048 futurum
1075 2992 1209 3073 tempus

98 3086 306 3179 respiciatur
327 3087 374 3154 ita
392 3095 515 3172 λοιιιειι,
541 3093 588 3171 ut,
609 3092 700 3151 recte
720 3082 888 3174 explicata
901 3082 1072 3166 sententia,
1091 3105 1145 3151 res
1164 3082 1211 3150 ad

99 3212 257 3280 praesens
269 3191 325 3259 vel
337 3189 382 3258 ad
397 3188 617 3282 praeteritum
632 3185 761 3257 redeat.
788 3184 835 3252 Vt
852 3183 946 3274 apud
963 3183 1209 3275 Antiphontem

97 3315 133 3383 p.
155 3292 242 3367 ΠΒ.
267 3289 443 3367 οσδέποτε
458 3290 639 3414 ἠθέλησαν
654 3291 808 3363 ἐλθεῖν’
790 3286 849 3362 επι
864 3286 977 3360 τοῦτο
994 3315 1037 3359 το
1030 3280 1208 3377 δίκαιον,

99 3424 136 3469 ευ
125 3391 328 3476 Πείδότες
305 3424 366 3469 οτι
386 3392 451 3470 οὖν
468 3395 514 3467 civ
530 3388 676 3515 τούτρες
691 3420 759 3464 αατ
789 3418 880 3482 εμου
867 3390 1066 3482 ’ἕλεγχος’
1048 3389 1208 3511 εγίγνετρ

98 3495 222 3580 οὗτος,
251 3495 335 3572 οἷλλ
351 3497 432 3591 ἐμοὶ
450 3526 544 3569 αατα
566 3522 707 3569 τουτων
714 3549 728 3583 ,
756 3491 816 3567 ὅτε
838 3489 943 3566 ουδὲν
962 3493 1102 3566 δίκαιον
1125 3490 1207 3567 ουδ’

97 3597 264 3700 αληθὲς
241 3602 409 3690 ητεῶντο
443 3603 604 3670 Potuerat
619 3599 743 3683 dicere,
770 3624 810 3668 ευ
798 3589 959 3676 εἰδότες
975 3592 1039 3668 οοά
1055 3624 1100 3668 αν
1114 3589 1208 3667 τού-

96 3731 174 3784 τοις
190 3697 408 3800 γενήσεσθαι
424 3705 579 3795 ἔλεγχον
630 3704 730 3770 Ναιιο
747 3698 1033 3818 quemadmodum
1049 3699 1207 3787 loquutus

97 3817 164 3896 est,
190 3807 258 3875 hoc
276 3807 371 3875 dicit.
397 3808 590 3876 noluerunt
604 3827 649 3873 εα
670 3804 733 3873 οἱα
751 3802 823 3887 uti,
851 3802 960 3894 puio,
987 3824 1018 3869 ss
1011 3801 1075 3869 'id
1085 3798 1207 3894 secie·

96 3920 193 3999 sent,
217 3933 289 3979 ποτε
304 3910 392 3978 πολλοὶ
409 3934 473 4001 ea,
500 3909 596 3979 sed
583 3908 675 4002 apsis
689 3904 882 3975 nocuisset.

197 4014 300 4082 Sed
291 4036 325 4080 ιιι
346 4014 399 4082 luis
420 3965 573 4082 onluibus
597 4034 701 4101 quum
716 4009 798 4078 nihil
819 4005 1022 4075 difficultatis
1039 4005 1098 4093 sit,
1125 4005 1205 4074 alias

94 4117 206 4206 potius
222 4116 385 4207 loquendi
399 4117 561 4185 formulas
577 4114 837 4183 consideremus.
875 4112 928 4179 Ac
942 4111 1053 4202 primo
1069 4107 1207 4199 quidem

96 4221 292 4306 sententias,
326 4243 414 4310 quae
444 4219 492 4293 ἂν
514 4218 706 4313 pronomini
729 4215 868 4284 relativo
894 4213 1043 4281 iunctum
1065 4211 1205 4284 habent.

94 4323 264 4413 Apertum
287 4333 337 4392 est
360 4333 493 4410 autem,
523 4324 551 4392 si
572 4345 641 4413 qua
666 4317 846 4406 sententia,
878 4340 965 4407 quae
992 4320 1068 4409 ipsa
1085 4337 1149 4407 per
1170 4337 1207 4383 se

920 4436 952 4504 D
977 4436 1001 4504 2
