<?xml version="1.0" encoding="UTF-8"?>
<!DOCTYPE html PUBLIC "-//W3C//DTD XHTML 1.0 Transitional//EN"
    "http://www.w3.org/TR/xhtml1/DTD/xhtml1-transitional.dtd">
<html xmlns="http://www.w3.org/1999/xhtml" xml:lang="en" lang="en">
 <head>
  <title>
</title>
<meta http-equiv="Content-Type" content="text/html;charset=utf-8" />
  <meta name='ocr-system' content='tesseract 3.04.00' />
  <meta name='ocr-capabilities' content='ocr_page ocr_carea ocr_par ocr_line ocrx_word'/>
</head>
<body>
  <div class='ocr_page' id='page_1' title='image "./opuscula00hermgoog_0052.png"; bbox 0 0 2842 4920; ppageno 0'>
   <div class='ocr_carea' id='block_1_1' title="bbox 397 302 1225 427">
    <p class='ocr_par' dir='ltr' id='par_1_1' title="bbox 397 302 1225 427">
     <span class='ocr_line' id='line_1_1' title="bbox 397 302 1225 427; baseline 0.016 -13"><span class='ocrx_word' id='word_1_1' title='bbox 397 302 401 310; x_wconf 38' lang='lat'>¹</span> <span class='ocrx_word' id='word_1_2' title='bbox 504 353 590 416; x_wconf 82' lang='lat' dir='ltr'><strong>um.</strong></span> <span class='ocrx_word' id='word_1_3' title='bbox 611 355 636 417; x_wconf 90' lang='lat'><strong>1.</strong></span> <span class='ocrx_word' id='word_1_4' title='bbox 681 356 778 423; x_wconf 78' lang='lat' dir='ltr'><strong>cur.</strong></span> <span class='ocrx_word' id='word_1_5' title='bbox 799 363 832 423; x_wconf 84' lang='lat' dir='ltr'><strong>o.</strong></span> <span class='ocrx_word' id='word_1_6' title='bbox 950 391 953 396; x_wconf 93' lang='lat'><em>-</em></span> <span class='ocrx_word' id='word_1_7' title='bbox 1182 364 1225 427; x_wconf 78' lang='lat' dir='ltr'><strong>ao</strong></span> 
     </span>
    </p>
   </div>
   <div class='ocr_carea' id='block_1_2' title="bbox 105 543 1225 1258">
    <p class='ocr_par' dir='ltr' id='par_1_2' title="bbox 105 543 1225 1258">
     <span class='ocr_line' id='line_1_2' title="bbox 109 543 1225 644; baseline 0.009 -28"><span class='ocrx_word' id='word_1_8' title='bbox 109 544 319 641; x_wconf 70' lang='grc' dir='ltr'><strong><em>νομοθέτης</em></strong></span> <span class='ocrx_word' id='word_1_9' title='bbox 325 571 340 635; x_wconf 82' lang='lat'><strong>‚-</strong></span> <span class='ocrx_word' id='word_1_10' title='bbox 372 543 411 613; x_wconf 89' lang='lat' dir='ltr'><strong>ln</strong></span> <span class='ocrx_word' id='word_1_11' title='bbox 435 543 575 636; x_wconf 75' lang='lat' dir='ltr'><strong>Crutyio</strong></span> <span class='ocrx_word' id='word_1_12' title='bbox 587 570 623 639; x_wconf 86' lang='lat' dir='ltr'><strong>p.</strong></span> <span class='ocrx_word' id='word_1_13' title='bbox 639 546 725 618; x_wconf 76' lang='lat'>391.</span> <span class='ocrx_word' id='word_1_14' title='bbox 743 549 785 618; x_wconf 92' lang='grc' dir='ltr'><strong>Β.</strong></span> <span class='ocrx_word' id='word_1_15' title='bbox 804 550 921 642; x_wconf 88' lang='lat' dir='ltr'><strong>optimi</strong></span> <span class='ocrx_word' id='word_1_16' title='bbox 939 550 1016 620; x_wconf 87' lang='lat' dir='ltr'>libri</span> <span class='ocrx_word' id='word_1_17' title='bbox 1034 546 1083 624; x_wconf 79' lang='grc' dir='ltr'><strong>αὖ</strong></span> <span class='ocrx_word' id='word_1_18' title='bbox 1096 574 1161 644; x_wconf 90' lang='lat' dir='ltr'><strong>pro</strong></span> <span class='ocrx_word' id='word_1_19' title='bbox 1179 551 1225 626; x_wconf 86' lang='grc' dir='ltr'><strong><em>ἀν</em></strong></span> 
     </span>
     <span class='ocr_line' id='line_1_3' title="bbox 108 649 1224 746; baseline 0.008 -31"><span class='ocrx_word' id='word_1_20' title='bbox 108 649 358 741; x_wconf 87' lang='lat' dir='ltr'><strong>praebuerunt,</strong></span> <span class='ocrx_word' id='word_1_21' title='bbox 385 671 453 736; x_wconf 87' lang='lat' dir='ltr'><strong>qua</strong></span> <span class='ocrx_word' id='word_1_22' title='bbox 466 651 651 724; x_wconf 79' lang='lat' dir='ltr'><strong>mutatione</strong></span> <span class='ocrx_word' id='word_1_23' title='bbox 666 654 767 720; x_wconf 91' lang='lat' dir='ltr'><strong>etiam</strong></span> <span class='ocrx_word' id='word_1_24' title='bbox 779 652 975 722; x_wconf 82' lang='lat' dir='ltr'><strong>Andocides</strong></span> <span class='ocrx_word' id='word_1_25' title='bbox 988 654 1032 723; x_wconf 88' lang='lat' dir='ltr'><strong>de</strong></span> <span class='ocrx_word' id='word_1_26' title='bbox 1044 677 1132 746; x_wconf 91' lang='lat' dir='ltr'><strong>pace</strong></span> <span class='ocrx_word' id='word_1_27' title='bbox 1146 678 1224 724; x_wconf 88' lang='lat' dir='ltr'><strong>cum</strong></span> 
     </span>
     <span class='ocr_line' id='line_1_4' title="bbox 107 749 1222 853; baseline 0.005 -33"><span class='ocrx_word' id='word_1_28' title='bbox 107 751 315 824; x_wconf 86' lang='lat' dir='ltr'><strong>Lacedaem.</strong></span> <span class='ocrx_word' id='word_1_29' title='bbox 336 749 395 820; x_wconf 83' lang='grc'><strong>24.</strong></span> <span class='ocrx_word' id='word_1_30' title='bbox 418 773 454 842; x_wconf 84' lang='lat' dir='ltr'><strong>p.</strong></span> <span class='ocrx_word' id='word_1_31' title='bbox 472 749 558 820; x_wconf 94' lang='grc'><strong>165.</strong></span> <span class='ocrx_word' id='word_1_32' title='bbox 585 753 688 842; x_wconf 84' lang='grc'><strong>(166.</strong></span> <span class='ocrx_word' id='word_1_33' title='bbox 707 756 842 847; x_wconf 76' lang='lat' dir='ltr'><strong>Reislu)</strong></span> <span class='ocrx_word' id='word_1_34' title='bbox 867 756 1013 848; x_wconf 82' lang='lat' dir='ltr'><strong>indiget:</strong></span> <span class='ocrx_word' id='word_1_35' title='bbox 1043 751 1169 853; x_wconf 80' lang='lat' dir='ltr'><strong>vide§.</strong></span> <span class='ocrx_word' id='word_1_36' title='bbox 1186 756 1222 826; x_wconf 86' lang='grc'><strong>9.</strong></span> 
     </span>
     <span class='ocr_line' id='line_1_5' title="bbox 106 852 1224 952; baseline 0.004 -28"><span class='ocrx_word' id='word_1_37' title='bbox 106 853 330 924; x_wconf 79' lang='lat' dir='ltr'><strong>Demostheni</strong></span> <span class='ocrx_word' id='word_1_38' title='bbox 345 855 441 946; x_wconf 83' lang='lat' dir='ltr'><strong>epist.</strong></span> <span class='ocrx_word' id='word_1_39' title='bbox 456 852 489 919; x_wconf 81' lang='lat'><strong>2.</strong></span> <span class='ocrx_word' id='word_1_40' title='bbox 500 860 541 946; x_wconf 84' lang='lat' dir='ltr'><strong>&#39;p.</strong></span> <span class='ocrx_word' id='word_1_41' title='bbox 559 855 670 944; x_wconf 75' lang='grc'><strong>1467,</strong></span> <span class='ocrx_word' id='word_1_42' title='bbox 686 857 720 928; x_wconf 84' lang='grc'><strong>9.</strong></span> <span class='ocrx_word' id='word_1_43' title='bbox 743 860 868 928; x_wconf 86' lang='lat' dir='ltr'><strong>codicis</strong></span> <span class='ocrx_word' id='word_1_44' title='bbox 882 881 952 952; x_wconf 86' lang='lat' dir='ltr'><strong>ope</strong></span> <span class='ocrx_word' id='word_1_45' title='bbox 967 859 1090 928; x_wconf 91' lang='lat' dir='ltr'><strong>menda</strong></span> <span class='ocrx_word' id='word_1_46' title='bbox 1106 884 1224 929; x_wconf 84' lang='lat' dir='ltr'><strong>exem-</strong></span> 
     </span>
     <span class='ocr_line' id='line_1_6' title="bbox 105 957 1223 1057; baseline 0.01 -33"><span class='ocrx_word' id='word_1_47' title='bbox 105 969 167 1048; x_wconf 90' lang='lat' dir='ltr'><strong>pta</strong></span> <span class='ocrx_word' id='word_1_48' title='bbox 191 966 260 1026; x_wconf 84' lang='lat' dir='ltr'><strong>est:</strong></span> <span class='ocrx_word' id='word_1_49' title='bbox 292 958 374 1026; x_wconf 91' lang='lat' dir='ltr'><strong>item</strong></span> <span class='ocrx_word' id='word_1_50' title='bbox 397 957 567 1026; x_wconf 85' lang='lat' dir='ltr'><strong>Andocidi</strong></span> <span class='ocrx_word' id='word_1_51' title='bbox 587 984 622 1051; x_wconf 93' lang='lat' dir='ltr'><strong>p.</strong></span> <span class='ocrx_word' id='word_1_52' title='bbox 649 960 734 1029; x_wconf 86' lang='grc'><strong>126.</strong></span> <span class='ocrx_word' id='word_1_53' title='bbox 761 957 796 1057; x_wconf 84' lang='lat'><strong>§.</strong></span> <span class='ocrx_word' id='word_1_54' title='bbox 818 960 879 1030; x_wconf 82' lang='grc'><strong>86.</strong></span> <span class='ocrx_word' id='word_1_55' title='bbox 914 964 973 1056; x_wconf 87' lang='lat' dir='ltr'><strong>(p.</strong></span> <span class='ocrx_word' id='word_1_56' title='bbox 988 962 1048 1031; x_wconf 83' lang='lat'><strong>41.</strong></span> <span class='ocrx_word' id='word_1_57' title='bbox 1069 964 1223 1055; x_wconf 84' lang='lat' dir='ltr'><strong>Reisk.).</strong></span> 
     </span>
     <span class='ocr_line' id='line_1_7' title="bbox 106 1059 1222 1156; baseline 0.006 -27"><span class='ocrx_word' id='word_1_58' title='bbox 106 1061 195 1129; x_wconf 86' lang='lat' dir='ltr'><strong>Sunt</strong></span> <span class='ocrx_word' id='word_1_59' title='bbox 216 1060 318 1128; x_wconf 89' lang='lat' dir='ltr'><strong>etiam</strong></span> <span class='ocrx_word' id='word_1_60' title='bbox 340 1059 434 1153; x_wconf 89' lang='lat' dir='ltr'><strong>apud</strong></span> <span class='ocrx_word' id='word_1_61' title='bbox 455 1061 645 1132; x_wconf 84' lang='lat' dir='ltr'><strong>Homerum</strong></span> <span class='ocrx_word' id='word_1_62' title='bbox 664 1067 824 1134; x_wconf 81' lang='lat' dir='ltr'><strong>nonnulla</strong></span> <span class='ocrx_word' id='word_1_63' title='bbox 837 1065 1048 1156; x_wconf 88' lang='lat' dir='ltr'><strong>huiusmodi,</strong></span> <span class='ocrx_word' id='word_1_64' title='bbox 1078 1068 1222 1136; x_wconf 83' lang='lat' dir='ltr'><strong>maxime</strong></span> 
     </span>
     <span class='ocr_line' id='line_1_8' title="bbox 105 1160 546 1258; baseline 0.005 -28"><span class='ocrx_word' id='word_1_65' title='bbox 105 1163 140 1231; x_wconf 94' lang='lat' dir='ltr'><strong>in</strong></span> <span class='ocrx_word' id='word_1_66' title='bbox 156 1161 334 1256; x_wconf 76' lang='lat' dir='ltr'><strong>Odyssea.</strong></span> <span class='ocrx_word' id='word_1_67' title='bbox 360 1172 445 1258; x_wconf 78' lang='lat' dir='ltr'><strong>uty.</strong></span> <span class='ocrx_word' id='word_1_68' title='bbox 459 1160 546 1233; x_wconf 83' lang='grc'><strong>255.</strong></span> 
     </span>
    </p>
   </div>
   <div class='ocr_carea' id='block_1_3' title="bbox 208 1328 1118 1638">
    <p class='ocr_par' dir='ltr' id='par_1_3' title="bbox 208 1328 1118 1638">
     <span class='ocr_line' id='line_1_9' title="bbox 208 1328 1118 1438; baseline 0.009 -31"><span class='ocrx_word' id='word_1_69' title='bbox 208 1331 295 1431; x_wconf 82' lang='grc' dir='ltr'><strong><em>ἤτοι</em></strong></span> <span class='ocrx_word' id='word_1_70' title='bbox 309 1334 380 1425; x_wconf 77' lang='grc' dir='ltr'><strong><em>μὲν</em></strong></span> <span class='ocrx_word' id='word_1_71' title='bbox 396 1328 536 1408; x_wconf 78' lang='grc' dir='ltr'><strong><em>τόδε’</em></strong></span> <span class='ocrx_word' id='word_1_72' title='bbox 498 1365 518 1409; x_wconf 88' lang='grc' dir='ltr'><strong>ιι</strong></span> <span class='ocrx_word' id='word_1_73' title='bbox 558 1333 668 1420; x_wconf 85' lang='grc' dir='ltr'><strong>αάτάς</strong></span> <span class='ocrx_word' id='word_1_74' title='bbox 684 1335 800 1430; x_wconf 82' lang='grc' dir='ltr'><strong><em>ἀιεαι,</em></strong></span> <span class='ocrx_word' id='word_1_75' title='bbox 827 1337 873 1437; x_wconf 83' lang='grc' dir='ltr'><strong>ἀς</strong></span> <span class='ocrx_word' id='word_1_76' title='bbox 885 1365 946 1412; x_wconf 82' lang='grc' dir='ltr'><strong>νεν</strong></span> <span class='ocrx_word' id='word_1_77' title='bbox 963 1333 1118 1438; x_wconf 73' lang='grc' dir='ltr'><strong><em>ἐτύχθη,</em></strong></span> 
     </span>
     <span class='ocr_line' id='line_1_10' title="bbox 210 1430 1039 1566; baseline 0.006 -57"><span class='ocrx_word' id='word_1_78' title='bbox 210 1464 242 1509; x_wconf 79' lang='grc' dir='ltr'><strong>ει</strong></span> <span class='ocrx_word' id='word_1_79' title='bbox 238 1430 384 1522; x_wconf 65' lang='lat' dir='ltr'><strong>&#39;Cr&#39;o&#39;ovv</strong></span> <span class='ocrx_word' id='word_1_80' title='bbox 397 1439 650 1528; x_wconf 78' lang='grc' dir='ltr'><strong><em>Αἴγισθον“</em></strong></span> <span class='ocrx_word' id='word_1_81' title='bbox 599 1471 650 1515; x_wconf 82' lang='grc' dir='ltr'><strong><em>ενι</em></strong></span> <span class='ocrx_word' id='word_1_82' title='bbox 648 1438 874 1566; x_wconf 72' lang='grc' dir='ltr'><strong><em>μεγάροισιν</em></strong></span> <span class='ocrx_word' id='word_1_83' title='bbox 888 1443 1039 1534; x_wconf 77' lang='grc' dir='ltr'><strong>ἔτετμεν</strong></span> 
     </span>
     <span class='ocr_line' id='line_1_11' title="bbox 213 1535 1091 1638; baseline 0.005 -25.037"><span class='ocrx_word' id='word_1_84' title='bbox 213 1535 416 1638; x_wconf 78' lang='grc' dir='ltr'><strong><em>Ατριίδης,</em></strong></span> <span class='ocrx_word' id='word_1_85' title='bbox 442 1540 656 1637; x_wconf 76' lang='grc' dir='ltr'><strong>Τροίηθεν</strong></span> <span class='ocrx_word' id='word_1_86' title='bbox 639 1539 723 1634; x_wconf 76' lang='lat' dir='ltr'><strong>cciv,</strong></span> <span class='ocrx_word' id='word_1_87' title='bbox 746 1539 879 1628; x_wconf 76' lang='grc' dir='ltr'><strong><em>ξανθάς</em></strong></span> <span class='ocrx_word' id='word_1_88' title='bbox 892 1546 1091 1626; x_wconf 72' lang='grc' dir='ltr'><strong><em>Μενέλαος.</em></strong></span> 
     </span>
    </p>
   </div>
   <div class='ocr_carea' id='block_1_4' title="bbox 67 1684 1236 2009">
    <p class='ocr_par' dir='ltr' id='par_1_4' title="bbox 67 1684 1236 2009">
     <span class='ocr_line' id='line_1_12' title="bbox 67 1684 1236 1811; baseline 0.005 -33"><span class='ocrx_word' id='word_1_89' title='bbox 67 1795 69 1799; x_wconf 23' lang='grc' dir='ltr'>Ι</span> <span class='ocrx_word' id='word_1_90' title='bbox 105 1711 196 1779; x_wconf 89' lang='lat' dir='ltr'><strong>Nam</strong></span> <span class='ocrx_word' id='word_1_91' title='bbox 221 1713 295 1800; x_wconf 85' lang='lat' dir='ltr'><strong>quis</strong></span> <span class='ocrx_word' id='word_1_92' title='bbox 322 1733 390 1780; x_wconf 92' lang='lat' dir='ltr'><strong>uon</strong></span> <span class='ocrx_word' id='word_1_93' title='bbox 419 1711 537 1779; x_wconf 86' lang='lat' dir='ltr'><strong>credat</strong></span> <span class='ocrx_word' id='word_1_94' title='bbox 559 1708 707 1786; x_wconf 82' lang='grc' dir='ltr'><strong><em>τοδε</em></strong></span> <span class='ocrx_word' id='word_1_95' title='bbox 669 1742 692 1807; x_wconf 75' lang='grc' dir='ltr'><strong><em>μ</em></strong></span> <span class='ocrx_word' id='word_1_96' title='bbox 729 1708 838 1795; x_wconf 85' lang='grc' dir='ltr'><strong>αάτάς</strong></span> <span class='ocrx_word' id='word_1_97' title='bbox 858 1737 880 1780; x_wconf 85' lang='lat' dir='ltr'><strong>a</strong></span> <span class='ocrx_word' id='word_1_98' title='bbox 899 1722 1003 1806; x_wconf 90' lang='lat' dir='ltr'><strong>poeta</strong></span> <span class='ocrx_word' id='word_1_99' title='bbox 1025 1684 1236 1811; x_wconf 89' lang='lat' dir='ltr'><strong>profectum</strong></span> 
     </span>
     <span class='ocr_line' id='line_1_13' title="bbox 106 1814 1220 1909; baseline 0.003 -27"><span class='ocrx_word' id='word_1_100' title='bbox 106 1816 203 1882; x_wconf 86' lang='lat' dir='ltr'><strong>esse?</strong></span> <span class='ocrx_word' id='word_1_101' title='bbox 229 1815 445 1903; x_wconf 82' lang='lat' dir='ltr'><strong>Quamquam</strong></span> <span class='ocrx_word' id='word_1_102' title='bbox 460 1814 529 1883; x_wconf 92' lang='lat' dir='ltr'><strong>hoc</strong></span> <span class='ocrx_word' id='word_1_103' title='bbox 545 1816 683 1905; x_wconf 90' lang='lat' dir='ltr'><strong>quidem</strong></span> <span class='ocrx_word' id='word_1_104' title='bbox 702 1818 809 1885; x_wconf 86' lang='lat' dir='ltr'><strong>videri</strong></span> <span class='ocrx_word' id='word_1_105' title='bbox 830 1825 945 1909; x_wconf 86' lang='lat' dir='ltr'><strong>potest</strong></span> <span class='ocrx_word' id='word_1_106' title='bbox 962 1841 1027 1908; x_wconf 89' lang='lat' dir='ltr'><strong>per</strong></span> <span class='ocrx_word' id='word_1_107' title='bbox 1046 1819 1220 1886; x_wconf 73' lang='lat' dir='ltr'><strong>attractio-</strong></span> 
     </span>
     <span class='ocr_line' id='line_1_14' title="bbox 106 1918 1219 2009; baseline 0.004 -24"><span class='ocrx_word' id='word_1_108' title='bbox 106 1940 182 1985; x_wconf 88' lang='lat' dir='ltr'><strong>nem</strong></span> <span class='ocrx_word' id='word_1_109' title='bbox 210 1918 393 2006; x_wconf 88' lang='lat' dir='ltr'><strong>quamdam</strong></span> <span class='ocrx_word' id='word_1_110' title='bbox 425 1919 478 1985; x_wconf 88' lang='lat' dir='ltr'><strong>vel</strong></span> <span class='ocrx_word' id='word_1_111' title='bbox 511 1921 730 1987; x_wconf 81' lang='lat' dir='ltr'><strong>mutationem</strong></span> <span class='ocrx_word' id='word_1_112' title='bbox 760 1928 945 1988; x_wconf 84' lang='lat' dir='ltr'><strong>structurae</strong></span> <span class='ocrx_word' id='word_1_113' title='bbox 973 1919 1100 1988; x_wconf 90' lang='lat' dir='ltr'><strong>dictum</strong></span> <span class='ocrx_word' id='word_1_114' title='bbox 1134 1945 1219 2009; x_wconf 80' lang='lat' dir='ltr'><strong>esse,</strong></span> 
     </span>
    </p>
   </div>
   <div class='ocr_carea' id='block_1_5' title="bbox 105 2015 1219 2218">
    <p class='ocr_par' dir='ltr' id='par_1_5' title="bbox 105 2015 1219 2217">
     <span class='ocr_line' id='line_1_15' title="bbox 105 2015 1219 2118; baseline 0.01 -32"><span class='ocrx_word' id='word_1_115' title='bbox 105 2021 200 2110; x_wconf 85' lang='lat' dir='ltr'><strong>quasi</strong></span> <span class='ocrx_word' id='word_1_116' title='bbox 216 2021 357 2089; x_wconf 88' lang='lat' dir='ltr'><strong>voluerit</strong></span> <span class='ocrx_word' id='word_1_117' title='bbox 370 2020 495 2107; x_wconf 87' lang='lat' dir='ltr'><strong>dicere,</strong></span> <span class='ocrx_word' id='word_1_118' title='bbox 520 2015 608 2096; x_wconf 85' lang='grc' dir='ltr'><strong><em>τόδο</em></strong></span> <span class='ocrx_word' id='word_1_119' title='bbox 625 2019 661 2095; x_wconf 83' lang='grc' dir='ltr'><strong><em>ν’</em></strong></span> <span class='ocrx_word' id='word_1_120' title='bbox 676 2016 787 2105; x_wconf 81' lang='grc' dir='ltr'><strong>αάτάς</strong></span> <span class='ocrx_word' id='word_1_121' title='bbox 806 2019 903 2096; x_wconf 80' lang='grc' dir='ltr'><strong><em>ὀΐεαι</em></strong></span> <span class='ocrx_word' id='word_1_122' title='bbox 916 2016 1027 2097; x_wconf 64' lang='lat' dir='ltr'><strong>noodr</strong></span> <span class='ocrx_word' id='word_1_123' title='bbox 1042 2025 1219 2118; x_wconf 75' lang='grc' dir='ltr'><strong><em>γενέσθαι</em></strong></span> 
     </span>
     <span class='ocr_line' id='line_1_16' title="bbox 105 2121 503 2218; baseline -0.026 -19"><span class='ocrx_word' id='word_1_124' title='bbox 105 2122 285 2218; x_wconf 76' lang='grc' dir='ltr'><strong>Λίγίσθο).</strong></span> <span class='ocrx_word' id='word_1_125' title='bbox 305 2124 402 2196; x_wconf 72' lang='lat' dir='ltr'><strong>Era.</strong></span> <span class='ocrx_word' id='word_1_126' title='bbox 417 2121 503 2192; x_wconf 81' lang='grc'><strong>316.</strong></span> 
     </span>
    </p>
   </div>
   <div class='ocr_carea' id='block_1_6' title="bbox 208 2273 1164 2480">
    <p class='ocr_par' dir='ltr' id='par_1_6' title="bbox 208 2273 1164 2480">
     <span class='ocr_line' id='line_1_17' title="bbox 208 2273 1164 2376; baseline 0.003 -26"><span class='ocrx_word' id='word_1_127' title='bbox 208 2276 393 2374; x_wconf 83' lang='grc' dir='ltr'><strong><em>δάρον,</em></strong></span> <span class='ocrx_word' id='word_1_128' title='bbox 342 2275 379 2350; x_wconf 84' lang='lat' dir='ltr'><strong>d</strong></span> <span class='ocrx_word' id='word_1_129' title='bbox 415 2277 499 2351; x_wconf 85' lang='grc' dir='ltr'><strong><em>ὄττι</em></strong></span> <span class='ocrx_word' id='word_1_130' title='bbox 512 2279 554 2353; x_wconf 76' lang='grc' dir='ltr'><strong>τέ</strong></span> <span class='ocrx_word' id='word_1_131' title='bbox 564 2305 632 2370; x_wconf 82' lang='grc' dir='ltr'><strong>μοι</strong></span> <span class='ocrx_word' id='word_1_132' title='bbox 648 2277 777 2352; x_wconf 72' lang='grc' dir='ltr'><strong><em>δοῦναι</em></strong></span> <span class='ocrx_word' id='word_1_133' title='bbox 793 2274 940 2372; x_wconf 80' lang='grc' dir='ltr'><strong><em>φίλον</em></strong></span> <span class='ocrx_word' id='word_1_134' title='bbox 916 2305 1008 2376; x_wconf 78' lang='grc' dir='ltr'><strong><em>ητορ</em></strong></span> <span class='ocrx_word' id='word_1_135' title='bbox 1023 2273 1164 2375; x_wconf 71' lang='grc' dir='ltr'><strong><em>ἀνώγοι,</em></strong></span> 
     </span>
     <span class='ocr_line' id='line_1_18' title="bbox 208 2375 1085 2480; baseline 0 -27"><span class='ocrx_word' id='word_1_136' title='bbox 208 2375 314 2462; x_wconf 76' lang='grc' dir='ltr'><strong><em>αὖτις</em></strong></span> <span class='ocrx_word' id='word_1_137' title='bbox 329 2377 558 2479; x_wconf 74' lang='grc' dir='ltr'><strong><em>ἀνερχομένῳ</em></strong></span> <span class='ocrx_word' id='word_1_138' title='bbox 575 2376 729 2474; x_wconf 81' lang='grc' dir='ltr'><strong><em>δόμεναι</em></strong></span> <span class='ocrx_word' id='word_1_139' title='bbox 743 2376 884 2455; x_wconf 78' lang='grc' dir='ltr'><strong><em>οιίιόνδο</em></strong></span> <span class='ocrx_word' id='word_1_140' title='bbox 898 2383 1085 2480; x_wconf 76' lang='grc' dir='ltr'><strong><em>φέρεσθαι.</em></strong></span> 
     </span>
    </p>
   </div>
   <div class='ocr_carea' id='block_1_7' title="bbox 106 2527 1158 2802">
    <p class='ocr_par' dir='ltr' id='par_1_7' title="bbox 106 2527 1158 2802">
     <span class='ocr_line' id='line_1_19' title="bbox 106 2527 514 2632; baseline -0.005 -27"><span class='ocrx_word' id='word_1_141' title='bbox 106 2530 265 2605; x_wconf 86' lang='lat' dir='ltr'><strong>Scribe</strong></span> <span class='ocrx_word' id='word_1_142' title='bbox 240 2527 370 2632; x_wconf 74' lang='grc' dir='ltr'><strong>ανάμῃ.</strong></span> <span class='ocrx_word' id='word_1_143' title='bbox 394 2535 436 2603; x_wconf 93' lang='grc' dir='ltr'><strong>Β.</strong></span> <span class='ocrx_word' id='word_1_144' title='bbox 451 2532 514 2604; x_wconf 86' lang='grc'><strong>86.</strong></span> 
     </span>
     <span class='ocr_line' id='line_1_20' title="bbox 601 2698 1158 2802; baseline -0.007 -20"><span class='ocrx_word' id='word_1_145' title='bbox 601 2707 737 2788; x_wconf 75' lang='grc' dir='ltr'><strong><em>ἐθέλοις</em></strong></span> <span class='ocrx_word' id='word_1_146' title='bbox 752 2705 796 2780; x_wconf 78' lang='grc' dir='ltr'><strong>δέ</strong></span> <span class='ocrx_word' id='word_1_147' title='bbox 807 2733 845 2781; x_wconf 83' lang='grc' dir='ltr'><strong>τε</strong></span> <span class='ocrx_word' id='word_1_148' title='bbox 859 2705 993 2802; x_wconf 84' lang='grc' dir='ltr'><strong><em>μάμον</em></strong></span> <span class='ocrx_word' id='word_1_149' title='bbox 1003 2698 1158 2802; x_wconf 82' lang='grc' dir='ltr'><strong><em>ἀνάψαι.</em></strong></span> 
     </span>
    </p>
   </div>
   <div class='ocr_carea' id='block_1_8' title="bbox 107 2876 1214 2970">
    <p class='ocr_par' dir='ltr' id='par_1_8' title="bbox 107 2876 1214 2970">
     <span class='ocr_line' id='line_1_21' title="bbox 107 2876 1214 2970; baseline -0.001 -24"><span class='ocrx_word' id='word_1_150' title='bbox 107 2877 192 2946; x_wconf 83' lang='lat' dir='ltr'><strong>God.</strong></span> <span class='ocrx_word' id='word_1_151' title='bbox 206 2876 301 2946; x_wconf 87' lang='lat' dir='ltr'><strong>Harl.</strong></span> <span class='ocrx_word' id='word_1_152' title='bbox 318 2877 459 2959; x_wconf 70' lang='grc' dir='ltr'><strong><em>ἐθέλοις</em></strong></span> <span class='ocrx_word' id='word_1_153' title='bbox 474 2879 513 2952; x_wconf 80' lang='grc' dir='ltr'><strong>δὲ</strong></span> <span class='ocrx_word' id='word_1_154' title='bbox 528 2879 598 2951; x_wconf 75' lang='grc' dir='ltr'><strong>καί.</strong></span> <span class='ocrx_word' id='word_1_155' title='bbox 650 2878 751 2946; x_wconf 90' lang='lat' dir='ltr'><strong>Vnde</strong></span> <span class='ocrx_word' id='word_1_156' title='bbox 765 2877 908 2947; x_wconf 89' lang='lat' dir='ltr'><strong>Wolfius</strong></span> <span class='ocrx_word' id='word_1_157' title='bbox 922 2879 956 2945; x_wconf 91' lang='lat' dir='ltr'><strong>in</strong></span> <span class='ocrx_word' id='word_1_158' title='bbox 969 2887 1143 2970; x_wconf 86' lang='lat' dir='ltr'><strong>postrema</strong></span> <span class='ocrx_word' id='word_1_159' title='bbox 1160 2876 1214 2945; x_wconf 83' lang='lat' dir='ltr'><strong>ed</strong></span> 
     </span>
    </p>
   </div>
   <div class='ocr_carea' id='block_1_9' title="bbox 106 2979 1214 3154">
    <p class='ocr_par' dir='ltr' id='par_1_9' title="bbox 106 2979 1214 3154">
     <span class='ocr_line' id='line_1_22' title="bbox 106 2979 1214 3154; baseline -0.005 -102"><span class='ocrx_word' id='word_1_160' title='bbox 106 2982 246 3154; x_wconf 49' lang='grc' dir='ltr'><strong><em>ὲὲέὲοῖις</em></strong></span> <span class='ocrx_word' id='word_1_161' title='bbox 263 2982 306 3054; x_wconf 84' lang='lat' dir='ltr'><strong>dc&#39;</strong></span> <span class='ocrx_word' id='word_1_162' title='bbox 321 3009 377 3071; x_wconf 83' lang='grc' dir='ltr'><strong><em>νο,</em></strong></span> <span class='ocrx_word' id='word_1_163' title='bbox 403 2993 517 3067; x_wconf 88' lang='lat' dir='ltr'><strong>recte,</strong></span> <span class='ocrx_word' id='word_1_164' title='bbox 543 2982 571 3048; x_wconf 80' lang='grc' dir='ltr'><strong>εἰ</strong></span> <span class='ocrx_word' id='word_1_165' title='bbox 590 2983 724 3074; x_wconf 81' lang='lat' dir='ltr'><strong>siguum</strong></span> <span class='ocrx_word' id='word_1_166' title='bbox 742 2979 970 3072; x_wconf 82' lang='lat' dir='ltr'><strong>interrogandi</strong></span> <span class='ocrx_word' id='word_1_167' title='bbox 992 2981 1214 3071; x_wconf 86' lang='lat' dir='ltr'><strong>apposuisset.</strong></span> 
     </span>
    </p>
   </div>
   <div class='ocr_carea' id='block_1_10' title="bbox 206 3244 1078 3546">
    <p class='ocr_par' dir='ltr' id='par_1_10' title="bbox 206 3244 1078 3546">
     <span class='ocr_line' id='line_1_23' title="bbox 206 3244 1040 3350; baseline -0.005 -22"><span class='ocrx_word' id='word_1_168' title='bbox 206 3252 276 3350; x_wconf 80' lang='grc' dir='ltr'><strong>ἤδη</strong></span> <span class='ocrx_word' id='word_1_169' title='bbox 289 3254 357 3347; x_wconf 78' lang='grc' dir='ltr'><strong><em>μὲν</em></strong></span> <span class='ocrx_word' id='word_1_170' title='bbox 374 3255 512 3328; x_wconf 79' lang='grc' dir='ltr'><strong><em>πολέων</em></strong></span> <span class='ocrx_word' id='word_1_171' title='bbox 526 3250 633 3350; x_wconf 81' lang='grc' dir='ltr'><strong>τάφῳ</strong></span> <span class='ocrx_word' id='word_1_172' title='bbox 650 3251 792 3350; x_wconf 72' lang='grc' dir='ltr'><strong><em>ἀνδροῖν</em></strong></span> <span class='ocrx_word' id='word_1_173' title='bbox 810 3244 1040 3350; x_wconf 77' lang='grc' dir='ltr'><strong><em>ἀντεβόλησα</em></strong></span> 
     </span>
     <span class='ocr_line' id='line_1_24' title="bbox 208 3352 1078 3452; baseline 0 -24"><span class='ocrx_word' id='word_1_174' title='bbox 208 3352 352 3451; x_wconf 79' lang='grc' dir='ltr'><strong><em>ἡρώων,</em></strong></span> <span class='ocrx_word' id='word_1_175' title='bbox 374 3355 438 3432; x_wconf 79' lang='grc' dir='ltr'><strong>ὅτι</strong></span> <span class='ocrx_word' id='word_1_176' title='bbox 453 3359 512 3431; x_wconf 81' lang='grc' dir='ltr'><strong><em>νέν</em></strong></span> <span class='ocrx_word' id='word_1_177' title='bbox 526 3355 612 3430; x_wconf 84' lang='grc' dir='ltr'><strong><em>ποτ’</em></strong></span> <span class='ocrx_word' id='word_1_178' title='bbox 628 3355 889 3452; x_wconf 70' lang='grc' dir='ltr'><strong><em>ἀποφθιμένου</em></strong></span> <span class='ocrx_word' id='word_1_179' title='bbox 905 3353 1078 3451; x_wconf 73' lang='grc' dir='ltr'><strong><em>βασιλῆος</em></strong></span> 
     </span>
     <span class='ocr_line' id='line_1_25' title="bbox 207 3453 1037 3546; baseline -0.006 -15"><span class='ocrx_word' id='word_1_180' title='bbox 207 3453 406 3546; x_wconf 78' lang='grc' dir='ltr'><strong><em>ζώννυνται</em></strong></span> <span class='ocrx_word' id='word_1_181' title='bbox 421 3488 460 3534; x_wconf 90' lang='grc' dir='ltr'><strong>τι</strong></span> <span class='ocrx_word' id='word_1_182' title='bbox 473 3461 550 3534; x_wconf 79' lang='grc' dir='ltr'><strong><em>νέοι</em></strong></span> <span class='ocrx_word' id='word_1_183' title='bbox 563 3459 622 3533; x_wconf 80' lang='grc' dir='ltr'><strong>καὶ</strong></span> <span class='ocrx_word' id='word_1_184' title='bbox 634 3455 893 3535; x_wconf 76' lang='grc' dir='ltr'><strong><em>ἐπεντύνονται</em></strong></span> <span class='ocrx_word' id='word_1_185' title='bbox 907 3456 1037 3532; x_wconf 65' lang='lat' dir='ltr'><strong>teuta.</strong></span> 
     </span>
    </p>
   </div>
   <div class='ocr_carea' id='block_1_11' title="bbox 104 3628 1224 4336">
    <p class='ocr_par' dir='ltr' id='par_1_11' title="bbox 104 3628 1224 4336">
     <span class='ocr_line' id='line_1_26' title="bbox 104 3628 1213 3724; baseline -0.001 -26"><span class='ocrx_word' id='word_1_186' title='bbox 104 3631 149 3698; x_wconf 85' lang='lat' dir='ltr'><strong>Vt</strong></span> <span class='ocrx_word' id='word_1_187' title='bbox 174 3631 289 3698; x_wconf 91' lang='lat' dir='ltr'><strong>monui</strong></span> <span class='ocrx_word' id='word_1_188' title='bbox 308 3632 341 3698; x_wconf 93' lang='lat' dir='ltr'><strong>iu</strong></span> <span class='ocrx_word' id='word_1_189' title='bbox 362 3630 441 3699; x_wconf 84' lang='lat' dir='ltr'><strong>diss.</strong></span> <span class='ocrx_word' id='word_1_190' title='bbox 465 3631 491 3699; x_wconf 84' lang='grc'><strong>1</strong></span> <span class='ocrx_word' id='word_1_191' title='bbox 522 3629 565 3700; x_wconf 90' lang='lat' dir='ltr'><strong>de</strong></span> <span class='ocrx_word' id='word_1_192' title='bbox 594 3632 728 3724; x_wconf 82' lang='lat' dir='ltr'><strong>legibus</strong></span> <span class='ocrx_word' id='word_1_193' title='bbox 757 3628 960 3720; x_wconf 89' lang='lat' dir='ltr'><strong>quibusdam</strong></span> <span class='ocrx_word' id='word_1_194' title='bbox 989 3628 1213 3707; x_wconf 80' lang='lat' dir='ltr'><strong>subtilioribus</strong></span> 
     </span>
     <span class='ocr_line' id='line_1_27' title="bbox 105 3730 1215 3826; baseline 0.002 -26"><span class='ocrx_word' id='word_1_195' title='bbox 105 3734 269 3802; x_wconf 78' lang='lat' dir='ltr'><strong>sermonis&#39;</strong></span> <span class='ocrx_word' id='word_1_196' title='bbox 289 3734 463 3802; x_wconf 84' lang='lat' dir='ltr'><strong>Homerici</strong></span> <span class='ocrx_word' id='word_1_197' title='bbox 483 3757 519 3826; x_wconf 88' lang='lat' dir='ltr'><strong>p.</strong></span> <span class='ocrx_word' id='word_1_198' title='bbox 542 3734 577 3802; x_wconf 73' lang='grc' dir='ltr'><strong>Ἰ.</strong></span> <span class='ocrx_word' id='word_1_199' title='bbox 603 3733 889 3824; x_wconf 90' lang='lat' dir='ltr'><strong>quemadmodum</strong></span> <span class='ocrx_word' id='word_1_200' title='bbox 911 3732 1031 3799; x_wconf 89' lang='lat' dir='ltr'><strong>Latine</strong></span> <span class='ocrx_word' id='word_1_201' title='bbox 1057 3730 1124 3798; x_wconf 89' lang='lat' dir='ltr'><strong>dici</strong></span> <span class='ocrx_word' id='word_1_202' title='bbox 1144 3753 1215 3802; x_wconf 85' lang='lat' dir='ltr'><strong>nou</strong></span> 
     </span>
     <span class='ocr_line' id='line_1_28' title="bbox 105 3833 1224 3931; baseline -0.002 -27"><span class='ocrx_word' id='word_1_203' title='bbox 105 3846 235 3931; x_wconf 86' lang='lat' dir='ltr'><strong>potest,</strong></span> <span class='ocrx_word' id='word_1_204' title='bbox 261 3837 384 3905; x_wconf 86' lang='lat' dir='ltr'><strong>multos</strong></span> <span class='ocrx_word' id='word_1_205' title='bbox 406 3837 492 3924; x_wconf 86' lang='lat' dir='ltr'><strong>vidi,</strong></span> <span class='ocrx_word' id='word_1_206' title='bbox 519 3859 628 3928; x_wconf 83' lang='lat' dir='ltr'><strong>quum</strong></span> <span class='ocrx_word' id='word_1_207' title='bbox 645 3836 851 3906; x_wconf 81' lang='lat' dir='ltr'><strong>certamina</strong></span> <span class='ocrx_word' id='word_1_208' title='bbox 871 3833 1093 3905; x_wconf 78' lang='lat' dir='ltr'><strong>instituerint</strong></span> <span class='ocrx_word' id='word_1_209' title='bbox 1113 3833 1224 3902; x_wconf 80' lang='lat' dir='ltr'><strong>iuvc-&#39;</strong></span> 
     </span>
     <span class='ocr_line' id='line_1_29' title="bbox 104 3935 1212 4032; baseline -0.002 -24"><span class='ocrx_word' id='word_1_210' title='bbox 104 3962 185 4028; x_wconf 80' lang='lat' dir='ltr'><strong>nes,</strong></span> <span class='ocrx_word' id='word_1_211' title='bbox 206 3939 268 4009; x_wconf 89' lang='lat' dir='ltr'><strong>sed</strong></span> <span class='ocrx_word' id='word_1_212' title='bbox 284 3938 466 4009; x_wconf 91' lang='lat' dir='ltr'><strong>dicendum</strong></span> <span class='ocrx_word' id='word_1_213' title='bbox 481 3950 533 4008; x_wconf 89' lang='lat' dir='ltr'><strong>est</strong></span> <span class='ocrx_word' id='word_1_214' title='bbox 551 3955 668 4032; x_wconf 83' lang='lat' dir='ltr'><strong>quum</strong></span> <span class='ocrx_word' id='word_1_215' title='bbox 681 3939 888 4026; x_wconf 78' lang='lat' dir='ltr'><strong>instituunt,</strong></span> <span class='ocrx_word' id='word_1_216' title='bbox 913 3939 960 4006; x_wconf 89' lang='lat' dir='ltr'><strong>ita</strong></span> <span class='ocrx_word' id='word_1_217' title='bbox 980 3937 1081 4006; x_wconf 85' lang='lat' dir='ltr'><strong>etiam</strong></span> <span class='ocrx_word' id='word_1_218' title='bbox 1099 3935 1212 4006; x_wconf 87' lang='lat' dir='ltr'><strong>Grae·</strong></span> 
     </span>
     <span class='ocr_line' id='line_1_30' title="bbox 106 4041 1211 4113; baseline 0 -3"><span class='ocrx_word' id='word_1_219' title='bbox 106 4065 163 4111; x_wconf 79' lang='lat' dir='ltr'><strong>cus</strong></span> <span class='ocrx_word' id='word_1_220' title='bbox 190 4066 302 4112; x_wconf 78' lang='lat' dir='ltr'><strong>sermo</strong></span> <span class='ocrx_word' id='word_1_221' title='bbox 341 4066 411 4111; x_wconf 95' lang='lat' dir='ltr'><strong>non</strong></span> <span class='ocrx_word' id='word_1_222' title='bbox 427 4043 586 4112; x_wconf 70' lang='lat' dir='ltr'><strong>&#39;admittit</strong></span> <span class='ocrx_word' id='word_1_223' title='bbox 614 4044 860 4113; x_wconf 85' lang='lat' dir='ltr'><strong>coniunctivum</strong></span> <span class='ocrx_word' id='word_1_224' title='bbox 893 4042 928 4110; x_wconf 93' lang='lat' dir='ltr'><strong>in</strong></span> <span class='ocrx_word' id='word_1_225' title='bbox 956 4041 1015 4109; x_wconf 87' lang='lat' dir='ltr'><strong>tali</strong></span> <span class='ocrx_word' id='word_1_226' title='bbox 1040 4041 1211 4110; x_wconf 82' lang='lat' dir='ltr'><strong>sententia.</strong></span> 
     </span>
     <span class='ocr_line' id='line_1_31' title="bbox 105 4140 1211 4238; baseline -0.002 -25"><span class='ocrx_word' id='word_1_227' title='bbox 105 4146 210 4230; x_wconf 81' lang='lat' dir='ltr'><strong>Quod</strong></span> <span class='ocrx_word' id='word_1_228' title='bbox 233 4146 262 4214; x_wconf 87' lang='lat' dir='ltr'><strong>si</strong></span> <span class='ocrx_word' id='word_1_229' title='bbox 284 4146 430 4216; x_wconf 90' lang='lat' dir='ltr'><strong>hicnon</strong></span> <span class='ocrx_word' id='word_1_230' title='bbox 452 4147 614 4215; x_wconf 85' lang='lat' dir='ltr'><strong>mendosa</strong></span> <span class='ocrx_word' id='word_1_231' title='bbox 636 4155 688 4215; x_wconf 86' lang='lat' dir='ltr'><strong>est</strong></span> <span class='ocrx_word' id='word_1_232' title='bbox 709 4145 873 4238; x_wconf 87' lang='lat' dir='ltr'><strong>particula</strong></span> <span class='ocrx_word' id='word_1_233' title='bbox 896 4143 961 4232; x_wconf 84' lang='grc' dir='ltr'><strong><em>ἀν,</em></strong></span> <span class='ocrx_word' id='word_1_234' title='bbox 995 4140 1147 4234; x_wconf 82' lang='lat' dir='ltr'><strong>suspicor</strong></span> <span class='ocrx_word' id='word_1_235' title='bbox 1166 4144 1211 4211; x_wconf 88' lang='lat' dir='ltr'><strong>ita</strong></span> 
     </span>
     <span class='ocr_line' id='line_1_32' title="bbox 106 4243 1211 4336; baseline 0 -20"><span class='ocrx_word' id='word_1_236' title='bbox 106 4270 179 4317; x_wconf 82' lang='lat' dir='ltr'><strong>esse</strong></span> <span class='ocrx_word' id='word_1_237' title='bbox 198 4250 427 4319; x_wconf 80' lang='lat' dir='ltr'><strong>coniunctiuos</strong></span> <span class='ocrx_word' id='word_1_238' title='bbox 439 4243 678 4336; x_wconf 84' lang='lat' dir='ltr'><strong>restituendos,</strong></span> <span class='ocrx_word' id='word_1_239' title='bbox 704 4258 741 4318; x_wconf 91' lang='lat' dir='ltr'><strong>ut</strong></span> <span class='ocrx_word' id='word_1_240' title='bbox 760 4249 856 4317; x_wconf 80' lang='lat' dir='ltr'><strong>simul</strong></span> <span class='ocrx_word' id='word_1_241' title='bbox 878 4257 912 4315; x_wconf 93' lang='lat' dir='ltr'><strong>et</strong></span> <span class='ocrx_word' id='word_1_242' title='bbox 927 4247 1000 4329; x_wconf 83' lang='lat' dir='ltr'><strong>hic,</strong></span> <span class='ocrx_word' id='word_1_243' title='bbox 1027 4255 1061 4314; x_wconf 90' lang='lat' dir='ltr'><strong>ct</strong></span> <span class='ocrx_word' id='word_1_244' title='bbox 1085 4243 1154 4314; x_wconf 90' lang='lat' dir='ltr'><strong>Od.</strong></span> <span class='ocrx_word' id='word_1_245' title='bbox 1181 4251 1211 4316; x_wconf 94' lang='grc' dir='ltr'><strong>λ.</strong></span> 
     </span>
    </p>
   </div>
   <div class='ocr_carea' id='block_1_12' title="bbox 105 4348 1209 4451">
    <p class='ocr_par' dir='ltr' id='par_1_12' title="bbox 105 4348 1209 4451">
     <span class='ocr_line' id='line_1_33' title="bbox 105 4348 1209 4451; baseline -0.004 -32"><span class='ocrx_word' id='word_1_246' title='bbox 105 4348 192 4421; x_wconf 88' lang='grc'><strong>415.</strong></span> <span class='ocrx_word' id='word_1_247' title='bbox 218 4348 460 4451; x_wconf 75' lang='grc' dir='ltr'><strong><em>ἀντιβολήσας</em></strong></span> <span class='ocrx_word' id='word_1_248' title='bbox 482 4354 673 4424; x_wconf 56' lang='lat' dir='ltr'><strong>scribaturc</strong></span> <span class='ocrx_word' id='word_1_249' title='bbox 706 4353 795 4422; x_wconf 84' lang='lat' dir='ltr'><strong>Nam</strong></span> <span class='ocrx_word' id='word_1_250' title='bbox 819 4361 947 4422; x_wconf 86' lang='lat' dir='ltr'><strong>veteres</strong></span> <span class='ocrx_word' id='word_1_251' title='bbox 974 4348 1110 4439; x_wconf 88' lang='lat' dir='ltr'><strong>quidam</strong></span> <span class='ocrx_word' id='word_1_252' title='bbox 1133 4348 1169 4416; x_wconf 75' lang='grc' dir='ltr'><strong>λι.</strong></span> <span class='ocrx_word' id='word_1_253' title='bbox 1188 4349 1209 4416; x_wconf 93' lang='grc' dir='ltr'><strong>Ι.</strong></span> 
     </span>
    </p>
   </div>
   <div class='ocr_carea' id='block_1_13' title="bbox 0 0 1426 4920">
    <p class='ocr_par' dir='ltr' id='par_1_13' title="bbox 0 0 1426 4920">
     <span class='ocr_line' id='line_1_34' title="bbox 0 0 1426 4920; baseline 0 0"><span class='ocrx_word' id='word_1_254' title='bbox 0 0 1426 4920; x_wconf 95' lang='lat' dir='ltr'><strong> </strong></span> 
     </span>
    </p>
   </div>
  </div>
 </body>
</html>
