2842 4920
173 350 241 415 89)
448 346 499 411 DE
520 341 704 409 umsvnl
718 342 940 421 vralstvu
958 340 1007 410 niv.

172 537 231 608 Sic
247 534 301 605 ed.
314 535 468 605 Lasearis
483 558 562 604 cum
581 557 705 605 novem
720 536 822 610 codd.
845 544 879 606 et
892 536 1057 627 scriptore
1072 534 1199 607 Christi
1215 558 1281 632 pa-

172 641 281 710 tientis
303 662 334 708 v.
354 637 466 708 1983.
518 638 634 709 Metro
660 640 849 710 consultum
868 639 993 710 Aldina
1021 639 1109 712 duce
1128 664 1194 735 per
1215 638 1281 718 oda

172 742 219 819 ἄν
243 738 281 839 γ’
302 736 493 841 ἁμάρτοις.

275 879 349 950 vll.
385 879 525 977 (VIII.)
550 880 590 950 In
607 878 802 951 'I'roadibus
821 902 854 948 v.
871 875 959 948 4⁰8.

325 1035 361 1106 εἰ
368 1027 422 1131 μή
446 1029 482 1107 τ’
493 1027 684 1109 Ἀπόλλων
705 1027 956 1129 ἑξοβοῖνχσοσιν
972 1031 1121 1128 φρένας,

327 1150 392 1227 οὐν
407 1152 453 1227 ἄν
468 1149 603 1248 α’μισθὶ
621 1148 705 1234 τούς
725 1147 835 1246 duodo
850 1145 1103 1250 στρατηλάτας

323 1275 482 1355 vocatam
497 1266 635 1371 φήμαις
654 1273 844 1367 ἐξέπεμπες
859 1272 905 1346 ἂν
922 1266 1068 1364 χθονός.

169 1430 228 1501 Sic
252 1426 354 1500 codd
376 1424 452 1497 vat
479 1423 570 1501 909,
600 1426 693 1496 Flor.
719 1427 828 1497 Harn
893 1425 1008 1520 Vulgo
1040 1447 1119 1496 cum
1150 1426 1277 1498 Aldina

170 1531 312 1609 οὔιοον.

188 1705 192 1713 ·
268 1668 361 1741 VIII.
394 1667 498 1762 (lv.)
531 1668 723 1764 Sophocles
737 1669 772 1738 in
785 1668 956 1761 Antigona
969 1690 1002 1741 v.
1017 1664 1105 1741 746.

218 1811 306 1883 KP.
361 1800 391 1879 ai
403 1799 541 1904 μιαρόν
556 1801 649 1900 ἦθος
665 1804 724 1879 ναὶ
738 1800 905 1901 γοναινός
921 1803 1086 1902 ὕστερον.

217 1925 335 2005 AJM.
356 1921 421 1998 οὖν
436 1924 482 2000 οἷν
497 1929 590 2008 ἕλοις
604 1924 699 2024 ἧσσον
715 1953 756 2021 γι
769 1925 843 2000 τοῖν
860 1925 1018 2025 αἰσχρῶν
1032 1926 1106 2019 ἐμέ.

164 2080 224 2151 Sic
249 2080 341 2171 Aug.
358 2079 393 2151 b.
422 2087 456 2147 et
477 2080 625 2170 quinque
652 2077 753 2148 codd.
779 2078 946 2164 Elmsleii‚
978 2080 1041 2148 nisi
1065 2078 1161 2171 qnod
1185 2098 1272 2148 unus

163 2183 287 2255 horum
302 2186 380 2276 ἕλης
392 2179 507 2251 habet.
560 2182 674 2273 Vulgo
694 2205 736 2250 ex
749 2183 873 2251 Aldina
889 2177 954 2254 urin
972 2180 1018 2255 οἷν
1037 2177 1074 2274 γ’
1089 2186 1193 2261 ἕλοις.

264 2286 344 2353 Νοο
376 2283 462 2350 illud
493 2282 652 2374 profecto
688 2282 733 2350 de
765 2284 869 2351 nihilo
907 2293 978 2372 est,
1021 2284 1116 2373 quod
1148 2285 1184 2351 in
1217 2282 1270 2352 his

163 2388 311 2480 quinque
336 2386 394 2454 vel
418 2408 478 2455 sex
503 2386 669 2477 exemplis
692 2386 811 2479 optimi
837 2395 872 2454 et
896 2388 1066 2456 veterrimi
1089 2387 1167 2455 libri
1192 2409 1270 2457 eam

161 2493 362 2584 scripturam
396 2491 584 2580 praebent,
625 2511 693 2580 qua
730 2499 876 2558 metrum
906 2490 1048 2564 vitiatur.
1113 2490 1169 2559 Ex
1200 2512 1267 2581 quo

160 2617 367 2686 quamquam
404 2592 511 2662 facilis
552 2602 603 2661 est
648 2592 856 2680 coniectura,
893 2593 920 2661 si
954 2596 989 2662 in
1026 2594 1267 2663 recentioribus

159 2701 216 2768 vel
240 2699 349 2767 minus
374 2696 471 2765 bonis
496 2696 587 2764 libn's
626 2693 755 2770 οὔκουν
780 2697 836 2764 vel
862 2692 928 2769 edu
955 2695 1000 2770 ἄν
1026 2694 1063 2790 y'
1088 2698 1266 2787 invenitur,

158 2801 195 2869 id
227 2801 443 2869 metricorum
477 2799 596 2867 deberi
626 2798 825 2886 industriae,
859 2807 973 2867 tamen
1007 2823 1075 2868 non
1105 2801 1266 2890 sequitur,

158 2904 252 2995 quod
275 2903 390 2971 vitium
415 2903 462 2970 illi
488 2927 524 2972 se
553 2901 745 2971 emendare.
761 2901 993 2987 crediderunt,
1018 2927 1087 2971 non
1114 2926 1188 2972 esse
1214 2904 1266 2973 vi-

67 3050 72 3061 ·
156 3009 256 3076 tium:
283 3008 407 3092 immo,
435 3030 539 3097 quum
564 3029 633 3075 non
659 3006 701 3073 sit
726 3005 907 3093 credibile,
932 3008 1154 3099 particulam,
1177 3030 1265 3097 quae

155 3111 250 3205 apud
292 3112 399 3177 omnis
438 3111 571 3202 generis
609 3119 730 3203 poetas
767 3109 900 3178 infinitis
938 3110 1021 3180 locis
1055 3111 1264 3203 corripiatur,

156 3213 249 3283 hisce
281 3223 350 3281 tam
386 3215 504 3305 paucis
535 3215 569 3282 in
595 3214 760 3305 exemplis
789 3212 994 3306 productam
1021 3237 1111 3301 esse,
1146 3213 1191 3282 de
1221 3237 1263 3283 eo

154 3325 284 3385 tantum
309 3317 442 3385 videtur
466 3318 583 3407 quaeri
609 3338 730 3408 posse,
756 3325 894 3384 rectene
916 3317 1168 3385 emendaverint
1186 3339 1262 3386 me-

154 3421 247 3508 trici,
273 3443 316 3487 an
341 3421 460 3488 melius
486 3421 569 3510 quid
590 3430 624 3488 et
648 3418 857 3511 probabilius
878 3422 984 3512 possit
1000 3420 1149 3490 inveniri.
1190 3419 1262 3488 Ha·

153 3524 235 3593 bent
268 3525 424 3614 exempla
453 3524 517 3591 ista
548 3524 616 3592 hoc
649 3546 845 3610 commune,
879 3524 973 3612 quod
1010 3533 1045 3592 et
1075 3523 1261 3591 restrictio-

152 3651 232 3696 nem
258 3627 371 3694 omnia
397 3635 431 3695 et
457 3628 733 3696 asseverationem
759 3626 948 3699 admittunt.
1002 3627 1174 3712 Quocirca
1202 3629 1262 3716 qui

150 3732 187 3801 in
214 3730 368 3798 omnibus
395 3725 460 3801 οοίι
487 3729 533 3804 οἷν
558 3758 598 3824 γε
624 3739 819 3822 reponeret,
849 3753 917 3799 non
941 3730 1071 3799 faceret
1091 3729 1184 3821 qnod
1202 3739 1262 3798 aut

152 3836 334 3901 sententiae
364 3834 547 3901 verborum
572 3857 640 3903 non
670 3834 879 3924 conveniret,
913 3841 986 3921 aut,
1020 3856 1125 3925 quum
1158 3835 1261 3902 etiam

78 3992 86 3999 .
151 3938 271 4029 optimi
303 3944 404 4026 atque
438 3938 653 4029 antiquissimi
685 3936 761 4004 libri
794 3938 987 4028 saepissime
1020 3939 1075 4006 vel
1105 3937 1260 4004 omittant

150 4042 240 4107 male
265 4041 321 4107 rel
347 4039 473 4107 addant
499 4043 699 4131 particulas,
735 4061 804 4108 non
829 4040 928 4109 valde
952 4041 1132 4132 probabile
1158 4040 1259 4108 vide-

150 4152 253 4213 retur.
305 4142 394 4210 Illud
428 4143 533 4232 enim,
568 4146 662 4235 quod
686 4143 725 4210 iis
751 4144 785 4210 in
817 4143 917 4231 locis,
949 4144 984 4211 in
1017 4143 1138 4234 quibus
1164 4142 1260 4211 aliud

150 4274 190 4339 ys
225 4245 375 4332 accedit,
417 4269 494 4314 eam
530 4247 740 4317 iterationem
773 4245 922 4336 quidam¹
941 4248 1150 4316 invenustam
1182 4269 1258 4315 esse

150 4350 321 4436 dixerunt,
352 4371 536 4443 perperam
559 4351 743 4420 iudicatum
769 4372 842 4420 esse
861 4351 977 4420 monui
997 4351 1043 4420 ad
1060 4350 1257 4445 Antigonae
