2842 4920
192 340 258 405 m
290 412 301 443 δ
331 335 391 397 DE
414 333 953 424 luscuruljsuonsuuuo
974 334 1166 398 SOLVTO

195 545 318 634 scripta
332 541 468 610 fuerunt
480 540 515 608 in
527 520 664 631 Periplo
677 539 776 607 Ponti
790 540 912 608 Euxini
925 525 959 610 et
971 541 1153 612 Maeotidis
1160 544 1296 637 paludis

194 672 230 740 p.
250 647 284 714 1.
305 645 365 714 ubi
385 641 510 737 primis·
522 643 632 711 verbis
652 644 765 712 recisis
783 653 936 735 superest
952 647 1048 737 σμοῦ
1064 674 1105 719 νο
1125 641 1248 728 πάθος
1263 657 1299 716 et

63 780 67 787 Α
134 831 137 836 1
196 754 284 841 queit
303 755 507 837 sequuntur,
532 745 567 813 in
589 747 710 835 quibus
725 755 817 815 recte
835 749 996 840 scriptum
1016 740 1067 819 est
1082 744 1153 846 ἠδ’.
1206 749 1310 819 God·

195 853 268 922 Pal.
287 849 381 945 apud
403 851 555 918 Bastiurn
576 848 644 940 Ep.
665 851 735 917 crit.
755 873 791 943 p.
816 848 874 923 12.
894 874 978 919 vers.
996 853 1073 925 Lat.
1090 853 1141 948 πῇ
1162 853 1298 944 μέν-

63 1039 65 1042 .
197 951 314 1052 πῇδᾯ
345 964 379 1022 et
394 954 440 1021 ad
454 953 615 1046 τέρμονα
632 953 752 1024 Φᾶσιν
771 949 1057 1047 οδδίλποταμόν.
1108 956 1297 1048 Procopius

196 1031 283 1127 llist.
299 1057 404 1128 Goth
422 1056 480 1126 lv.
498 1053 533 1125 6
545 1078 581 1145 p
598 1052 761 1141 33611.
789 1050 1298 1183 αλλαααιὸπραχῳδιαπονος

195 1155 409 1251 Αἰσχύλος
391 1185 430 1232 εν
446 1163 693 1279 Προμηθεῖ
655 1184 707 1230 πω
694 1158 882 1252 λυομένῳ
902 1154 1014 1247 evang
1026 1154 1302 1257 οἷρχόμννοςτῆς

195 1261 396 1359 τραγῳδίας
410 1254 477 1334 τόν
490 1254 660 1384 ποταμόν
671 1261 790 1333 Φοῖσιν
807 1263 968 1356 τέρμονα
985 1263 1146 1336 παλδ’
1100 1290 1162 1358 rus
1173 1274 1220 1336 ’τό
1235 1266 1299 1361 τῆς

195 1363 322 1446 Actae
336 1393 396 1436 ναν
413 1391 477 1461 της
491 1357 674 1462 Ευρωπης
726 1364 880 1455 Toupius
902 1365 946 1432 ad
961 1366 1095 1439 Surdl
1113 1380 1149 1456 p.
1169 1364 1230 1434 94.
1242 1376 1299 1435 te·
1332 1352 1341 1369 ⁹

196 1480 298 1538 mere
316 1468 468 1535 ordinem
492 1467 673 1534 verborum
696 1465 918 1552 mutabat,
896 1480 1028 1562 ηαομνν
1052 1465 1188 1548 α’δλους
1212 1463 1301 1549 τους

197 1597 281 1652 σους
296 1565 428 1651 sodada
480 1569 681 1641 lacobsius
672 1593 705 1636 ιιι
724 1593 865 1639 censura
886 1571 939 1641 ed.
961 1572 1122 1640 Sclriitz.
1114 1594 1148 1639 ιιι
1164 1572 1299 1640 Diurnis

196 1676 256 1743 litt.
274 1675 412 1746 Halens.
424 1698 461 1746 a.
482 1671 667 1741 1822.f01.
689 1673 748 1742 72.
770 1697 807 1765 p.
823 1671 912 1745 563.
930 1672 1065 1768 ἥκομεν
1086 1670 1197 1746 αὐτοὶ
1213 1699 1301 1744 con-

174 1763 346 1861 'iioiebatg
373 1779 481 1845 otioso
497 1776 674 1844 vocabulo.
713 1779 791 1844 Non
806 1775 1028 1845 dubitandum
1043 1776 1193 1864 ridetur,
1219 1779 1313 1871 quin.

195 1880 341 1979 ἥκομεν,
361 1889 398 1948 ut
411 1877 483 1975 ἧκα
497 1881 530 1947 in
544 1880 699 1980 Hecuba,
716 1879 863 1970 primurn
878 1880 981 1948 fucrit
996 1879 1132 1960 fabulae
1144 1883 1299 1954 verbumss

196 1984 377 2056 Adiectum
399 1985 431 2051 ei
453 1982 555 2051 fuisse
577 1982 737 2051 credibile
758 1994 824 2070 est,
855 1985 992 2051 Titanes
1009 2006 1081 2051 esse
1102 1983 1301 2074 qui-loque-

148 2087 338 2174 15rentur,
363 2087 466 2176 idque
480 2086 621 2153 fortasse
637 2079 804 2178 copiosius¹
823 2098 1036 2155 exornatum:
1062 2096 1167 2175 quare
1189 2089 1303 2157 omisit

198 2192 372 2262 Arrianus
416 2187 649 2256 Blomlieldius
668 2179 812 2279 praefat.
823 2188 875 2255 'ad
892 2180 986 2262 Pers
1000 2187 1035 2279 p¹
1052 2189 1111 2258 14.
1138 2212 1209 2279 quo
1223 2192 1301 2260 loco

195 2292 240 2362 de
256 2292 367 2375 choris
390 2301 499 2358 metro
516 2292 732 2382 anapaestico
747 2292 938 2382 tragoedias
955 2292 1216 2378 mordentibus,
1234 2293 1325 2369 ιιυιι

194 2406 286 2465 recte
301 2395 471 2464 intellecta
481 2394 669 2462 Aristotelis
684 2394 875 2463 definitione
889 2396 1036 2488 prologi,
1058 2397 1108 2464 dis
1110 2398 1223 2482 seruit,
1239 2388 1303 2494 τῆς

194 2499 263 2594 μὲν
281 2493 436 2589 διδύμου
452 2490 605 2587 χθονός,
638 2491 816 2594 Εὐρώπης
835 2492 1048 2594 μογοέληςν1
1011 2495 1303 2595 νἈσέαςπέρ-

194 2627 313 2698 μονα,
347 2600 465 2674 Φασιν
485 2601 700 2670 scribendum
725 2603 870 2688 censuit,
904 2624 991 2691 quae
1017 2624 1139 2693 prosae
1161 2603 1303 2671 orationi

84 2764 91 2781 .
197 2729 299 2796 quam
315 2705 410 2795 poesi
424 2705 674 2771 convenientior
688 2715 738 2772 est
750 2704 883 2772 dicendi
898 2707 992 2772 ratio.

300 2808 416 2893 Quum
435 2807 578 2897 Periplis
591 2808 653 2875 illis
671 2808 808 2875 testibus
824 2807 962 2876 Titanes
978 2809 1210 2908 exposuerint,
1237 2831 1304 2900 per

197 2919 338 3014 quantos
356 2910 418 2979 sibi
439 2918 604 2978 terrarum
625 2919 748 2978 tractus
770 2910 917 2979 eundum
935 2911 1055 2998 fuerit,
1081 2911 1181 2979 facile
1200 2912 1303 2980 intel-

179 3016 257 3108 ligi
276 3024 407 3109 potest,
433 3012 479 3081 ad
502 3014 656 3082 eamdem
679 3016 901 3082 narrationem
928 3013 1116 3106 pertinere,
1148 3014 1303 3082 sednon

196 3129 235 3190 ut
249 3120 342 3212 ipsos
357 3120 432 3187 illos
452 3141 536 3207 quos
559 3119 728 3223 attulimus
742 3141 857 3187 versus
879 3120 1066 3209 exciperet,
1094 3141 1181 3206 quae
1205 3118 1232 3191 l.
1256 3117 1302 3188 Η.

196 3222 305 3291 Vossii
319 3223 434 3314 opinio
449 3231 537 3306 erat,
562 3222 612 3288 ins
599 3212 691 3313 signe
706 3222 950 3312 fragmentum,
977 3221 1072 3310 quod
1086 3221 1212 3289 Strabo
1229 3243 1302 3289 ser-

196 3328 286 3394 vavit
305 3326 361 3393 lib.
384 3327 410 3393 l.
423 3348 459 3415 p.
479 3323 539 3392 33.
556 3321 690 3415 (58)‘'
668 3353 687 3397 o
708 3351 750 3397 το
764 3336 833 3420 γαρ
845 3319 1060 3415 Αιοχυλος
1043 3351 1081 3397 εν
1104 3329 1306 3423 Προμηθεῖ

196 3431 358 3523 λυομένῳ
377 3427 485 3522 φησὶν
503 3424 613 3499 οὕτω·

300 3623 624 3752 ῳοινιυόποδόνπ1
652 3627 849 3725 ἑρυθρας
835 3655 934 3720 ιερον

299 3761 416 3826 χευμα
443 3726 643 3856 θαλαοοης,

298 3829 584 3931 χαλκονέραυνον
610 3862 652 3906 νο
678 3858 752 3929 παρ
793 3827 964 3928 δὶαεανῳ

300 3939 432 4060 λίμναν
453 3929 713 4061 παντοπρόῳον
738 3929 958 4025 Αἰθιόπων,

179 4110 180 4114 ,
301 4038 349 4113 ἵν
360 4035 633 4162 Ηὸπαντόππας
652 4037 786 4118 Ἦλιος
813 4036 883 4110 αἰεὶ

300 4139 414 4239 χρῶτ’
440 4137 636 4223 αδοὲναπον
658 4135 896 4236 ναματόνδ
924 4145 1041 4213 ἵππιον

299 4252 456 4342 θερμαῖς
481 4242 613 4326 ὕδατος

359 4346 528 4442 μαλααου
552 4352 726 4447 προχοαῖς
753 4338 943 4420 οἱυαπαυεν
1049 4383 1053 4391 ·
