2842 4920
47 428 52 436 ,
143 345 145 348 ’
183 328 248 417 zm
312 345 367 406 oe
391 345 630 408 luscum
652 346 950 411 rnonruuuo
972 350 1163 425 sorvuo

182 550 219 612 ut
240 537 425 609 istiusmodi
441 536 613 606 doctrinae
629 535 890 630 philosophicae
906 540 1128 630 satisfaceret,
1154 540 1288 611 alienis-
1332 567 1334 569 ’

182 647 301 715 simum
321 667 342 712 a
361 666 441 710 sana
461 640 589 709 ratione
612 651 679 724 est,
706 665 817 731 neque
833 644 961 730 utilius,
988 667 1091 733 quam
1112 667 1288 734 quaerere,

130 771 138 781 ·
182 751 234 840 (et
249 747 482 838 quaesiverunt
504 744 658 836 quidam)
685 746 859 835 quomodo
877 747 912 814 in
934 747 1022 815 lovis
1044 770 1191 839 persona
1209 772 1289 817 cru-

182 852 339 921 delissimi
365 848 498 941 tyranni
521 849 714 941 exemplum
734 871 930 941 proponere
951 851 1111 941 potuerit.
1164 853 1288 942 Neque

181 954 373 1024 habueruut
390 955 454 1023 ista
473 951 567 1043 apud
588 953 739 1021 Graecos
759 952 998 1037 offensionem,
1024 976 1089 1021 nec
1104 964 1363 1063 potuerQ

179 1057 325 1146 habere,
351 1058 434 1125 utin
450 1056 685 1148 religionibus,
711 1079 800 1147 quae
820 1065 910 1124 totae
927 1079 969 1125 er
981 1057 1215 1126 huiuscemodi
1231 1060 1288 1127 fa·

179 1163 267 1231 bulis
297 1170 407 1231 essent
441 1159 659 1249 compositae.
710 1160 818 1227 Immo
846 1159 930 1227 illud
956 1160 1115 1229 admirari
1140 1170 1287 1254 oportet,

181 1265 293 1355 quod,
320 1263 485 1354 quamde
508 1264 645 1356 singulis
662 1261 724 1332 diis
740 1262 969 1354 indignissima
990 1286 1145 1354 quaeque
1163 1264 1286 1335 crede-

180 1378 270 1454 rent,
296 1379 425 1455 tamen,
451 1367 509 1436 ubi
531 1368 601 1434 sine
623 1375 716 1435 certo
737 1367 871 1435 nomine
893 1365 997 1435 deum
1017 1367 1192 1456 dicebant,
1219 1370 1286 1437 im-

17 1457 24 1469 *
82 1466 89 1486 ⁸
178 1495 315 1540 munem
335 1472 378 1539 ab
393 1471 485 1539 omni
499 1469 596 1557 vitio,
623 1492 821 1560 summaque
837 1470 1009 1539 sanctitate
1026 1470 1220 1563 praeditum
1233 1474 1285 1541 in-

178 1576 384 1667 telligebant.
436 1576 532 1642 lllam
557 1573 659 1666 igitur
681 1575 770 1642 lovis
791 1573 962 1642 saevitiam
983 1583 1021 1641 ut
1042 1583 1200 1642 excusent
1221 1575 1286 1644 de·

178 1679 329 1771 sensores
352 1678 523 1770 trilogiae,
556 1686 590 1744 et
618 1679 691 1745 iure
714 1679 869 1768 punitum
891 1678 1007 1744 volunt
1029 1678 1286 1771 Prometheum,

179 1805 288 1871 eaque
304 1805 420 1850 caussa
432 1782 518 1901 miro
535 1780 639 1849 modo
652 1781 912 1874 interpretantur
922 1781 1007 1848 illud
1019 1804 1049 1850 v.
1073 1778 1159 1849 266.

247 1947 251 1954 '
282 1929 390 2021 ἑκών,
418 1928 505 2008 inuio
522 1929 689 2030 ἥμαρτον
696 1987 711 2024 ,
739 1929 802 2007 οὐκ
820 1925 1049 2030 ἀρνήσομαι,

179 2097 214 2157 et
234 2089 268 2156 in
288 2097 449 2178 sequente
466 2087 599 2173 fabula,
624 2087 839 2155 reconciliato
859 2087 958 2172 love,
983 2088 1169 2157 restitutam
1192 2087 1285 2157 arbi-

177 2200 306 2259 trantur
322 2190 645 2275 divinamiustitiam:
660 2211 728 2276 quo
741 2190 876 2258 invento
889 2213 1010 2257 vereor
1023 2214 1066 2257 ne
1076 2214 1144 2259 non
1157 2193 1285 2283 optime

178 2294 330 2387 dignitati
345 2292 571 2361 consuluerint
585 2292 734 2382 supremi
747 2292 900 2380 deorum,
927 2315 1029 2382 quem
1042 2293 1205 2363 decuerat
1217 2317 1285 2388 po-

174 2399 240 2466 tius
259 2421 329 2465 non
349 2397 476 2465 saevire
498 2395 654 2484 omnino,
680 2419 783 2488 quam
803 2396 929 2486 placari
949 2419 990 2467 ca
1010 2396 1107 2488 lege,
1140 2407 1179 2466 ut
1202 2398 1284 2469 alius

175 2501 369 2571 Prumethei
385 2501 459 2568 vice
476 2501 593 2567 lueret.
981 2557 985 2593 ,χ
1112 2588 1115 2592 ,

150 2601 176 2672 o
280 2604 351 2673 Sed
367 2603 578 2696 'progredior
597 2602 642 2671 ad
663 2602 763 2670 aliud.
815 2604 904 2692 Nam
926 2626 1029 2692 quum
1049 2603 1125 2691 libri
1145 2603 1284 2692 quidam

174 2710 326 2800 personis
341 2709 451 2775 Vincti
469 2707 664 2774 Promethei
679 2706 854 2773 Tellurem
870 2715 904 2773 et
924 2707 1107 2774 Herculem
1127 2708 1283 2793 luserant,

176 2834 218 2879 ea
239 2812 374 2878 nomina
395 2811 555 2877 mansisse
574 2818 694 2901 putant
716 2831 832 2895 exeo,
858 2808 953 2899 quod
973 2811 1007 2876 iu
1022 2811 1135 2899 aliquo
1150 2819 1283 2879 vetusto

174 2914 311 3000 codice,
339 2914 396 3003 qui
420 2914 529 2982 Soluti
547 2936 682 3002 quoque
701 2912 894 2980 Promethei
913 2920 1048 3004 partem
1072 2914 1284 2998 continuerit,

174 3018 272 3102 simul
294 3040 411 3116 omnes
428 3018 600 3108 utriusque
620 3011 757 3085 fabulae
773 3039 940 3106 personae
962 3017 1086 3084 fuerint
1102 3039 1282 3085 enumera-

111 3119 113 3123 ’
172 3130 237 3190 tae.
291 3122 406 3206 Quam
430 3122 657 3215 coniecturam
680 3122 950 3204 utcoufirment,
984 3119 1172 3187 incredibili
1195 3121 1282 3188 levi-

171 3234 240 3294 tate
263 3225 528 3317 Agamemnonis
551 3245 774 3314 personarum
795 3222 941 3290 indicem
964 3223 1127 3310 afferunt,
1153 3224 1188 3291 iu
1212 3246 1280 3314 quo

173 3351 215 3396 ex
230 3327 445 3418 Chocphoris
459 3327 657 3394 accesserint
672 3323 821 3411 Orestes,
845 3326 993 3407 Electra,
1016 3327 1136 3393 nutrix.
1190 3328 1281 3394 Nam

173 3454 229 3500 eas
244 3452 405 3524 personas
426 3452 493 3498 nou
512 3429 621 3497 codex
637 3429 740 3516 ullm,
768 3428 828 3496 sed
847 3428 932 3501 Adr.
950 3429 1130 3496 Turnebus
1146 3428 1280 3516 adiecit,

173 3534 285 3625 quod,
307 3535 355 3600 uti
376 3542 447 3600 tum
466 3532 603 3621 quidem
622 3535 835 3624 Agamemno
854 3541 888 3599 et
907 3531 1106 3622 Choephori
1128 3533 1163 3601 iu
1178 3556 1280 3601 unam

172 3638 322 3706 fabulam
343 3638 552 3721 coaluerant,
578 3637 697 3704 deesse
718 3659 773 3703 eas
796 3636 1014 3707 existimabat.
1067 3635 1108 3703 ln
1132 3637 1279 3705 Prome-

171 3743 254 3810 theo
268 3743 390 3810 Vincto
408 3740 541 3808 codices
560 3741 662 3831 pauci
676 3740 836 3822 Telluris,
857 3740 1049 3807 Robortelli
1067 3738 1170 3806 editio
1185 3740 1279 3808 Her·

173 3847 277 3927 culis,
304 3855 483 3933 utrumque
503 3868 625 3912 nomen
645 3842 746 3910 editio
761 3842 885 3927 Aldina
906 3842 1045 3915 addunt.
1098 3842 1213 3910 Fluxit
1230 3841 1278 3930 id,

171 3958 209 4041 ut
224 3949 308 4016 mihi
320 3949 458 4037 quidem
473 3947 623 4034 videtur,
645 3970 688 4014 ex
710 3947 822 4036 aliqua
846 3946 1034 4038 argumenti
1056 3930 1277 4032 enarratione,

170 4052 204 4119 in
219 4075 285 4143 qua
298 4064 432 4142 praeter
445 4075 627 4142 personaS,
654 4073 742 4138 quae
759 4051 793 4117 in
808 4073 942 4117 scenam
956 4049 1149 4142 prodirent,
1176 4050 1278 4119 etiam
1340 4123 1344 4129 ,

170 4156 247 4224 illae
266 4155 402 4222 fuerunt
414 4157 623 4243 nominatae,
647 4177 728 4244 quas
745 4163 850 4244 poeta
864 4177 932 4220 non
947 4151 1184 4221 introduxisset
1199 4153 1277 4242 qui-

170 4259 250 4327 dem
265 4268 415 4349 agentes,
442 4257 504 4345 sed
519 4267 815 4326 commemorasset
829 4267 942 4324 tamen
959 4266 994 4324 ut
1010 4279 1087 4323 cum
1100 4248 1176 4323 latis
1189 4257 1275 4323 Pro-
1312 4322 1318 4334 ,

168 4361 295 4432 methei
315 4361 516 4434 coniunctas.
568 4362 638 4448 llli,
665 4362 725 4451 qui
741 4362 785 4435 de
805 4362 972 4436 communi
986 4383 1206 4452 personarum
1222 4360 1274 4427 in-
