2842 4920
238 1302 1167 1469 naunusmuncmsuuao1.*>

151 1844 278 1976 Quod
297 1880 494 1951 Athenaeus
513 1881 573 1949 lib.
592 1881 683 1949 XIll.
704 1904 740 1973 p.
764 1875 852 1952 597.
879 1879 1087 1949 conservavit
1100 1880 1282 1956 Hermo-3

150 1984 304 2054 sinuantia
315 1986 491 2077 elegorum
503 1985 636 2077 insigne
649 1984 886 2077 fragmentum,
913 1977 1258 2075 eiusirnleritudinem
1352 2026 1357 2049 1

150 2097 330 2179 tantopore
344 2088 497 2156 admirati
512 2087 752 2159 sunthomiues
767 2087 904 2171 eruditi,
931 2096 968 2155 ut
990 2089 1143 2158 certatim
1159 2112 1257 2157 men·
1296 2091 1298 2095 ’
1388 2094 1392 2111 “

151 2192 216 2276 da,
244 2191 365 2281 quibus
384 2192 468 2259 illud
483 2193 634 2284 plurimis
651 2193 913 2261 contaminatum
930 2201 998 2277 est,
1024 2193 1162 2277 tollere,
1181 2192 1259 2284 pri-

151 2295 343 2383 stinumque
365 2296 395 2362 ei
417 2295 562 2364 reddere
585 2297 728 2364 nitorem
750 2295 933 2367 studerent.
987 2293 1059 2363 Sed
1082 2304 1196 2365 tamen
1212 2295 1259 2365 ad

150 2398 244 2466 lrune
267 2420 373 2486 usqua
396 2397 505 2484 diem,
521 2397 568 2466 ¹ut
586 2399 733 2490 ingenue
754 2399 989 2485 confiteamur,
1015 2396 1098 2465 nihil
1124 2398 1259 2468 videtur

152 2501 316 2570 effectum
337 2524 426 2587 esse,
453 2501 513 2568 nisi
529 2510 583 2586 ut,
608 2501 793 2592 personatis
807 2523 875 2569 uon
892 2500 1003 2572 multis
1019 2500 1121 2583 locis,
1146 2502 1257 2592 pleri-

152 2627 220 2695 que
236 2605 352 2671 tentati
369 2604 432 2672 sint
449 2605 580 2696 potius,
607 2625 709 2692 quam
724 2603 882 2688 correcti,
908 2601 1056 2670 nonnulli
1070 2601 1170 2669 etiam
1184 2626 1258 2670 ma·
1315 2612 1319 2623 '

151 2708 205 2800 gis
223 2706 410 2798 depravati.
448 2707 489 2774 ld
504 2707 665 2800 cogitanti
679 2707 760 2777 milri
775 2730 844 2798 quo
857 2714 960 2801 pacto
973 2706 1148 2792 evenisset,
1170 2705 1258 2776 duae

151 2809 297 2878 maxime
317 2811 408 2878 visae
432 2820 508 2878 sunt
530 2833 584 2879 res
605 2832 700 2900 esse,
731 2834 819 2901 quae
838 2809 927 2878 viros
948 2809 1089 2898 doctos,
1118 2811 1203 2878 sicut
1224 2812 1257 2879 in
1338 2882 1341 2888 ,

152 2914 224 2981 aliis
247 2915 357 3007 multis
379 2924 532 2982 veterum
553 2915 704 3005 seriptis,
729 2915 776 2980 ita
799 2913 900 2981 etiam
920 2912 1036 2980 inillis
1058 2912 1256 2982 Hermesias

152 3016 261 3084 nactis
284 3017 436 3086 versibus
457 3018 501 3085 ab
519 3025 612 3087 recta
635 3017 689 3084 via
709 3015 934 3086 abduxissent.
987 3015 1115 3082 [larum
1136 3037 1203 3082 una
1223 3019 1257 3083 in

153 3142 196 3188 eo
217 3128 267 3187 est
285 3119 412 3211 posita,
438 3121 533 3211 quod
547 3119 696 3187 nonnulli
716 3118 761 3186 ad
777 3140 880 3186 unum
894 3117 1032 3206 aliquod
1048 3115 1190 3185 verbum
1203 3117 1256 3186 di-

153 3231 289 3291 ctumve
305 3222 452 3290 animum
471 3223 680 3292 attendentes
695 3223 796 3292 totius
815 3221 971 3289 orationis
987 3219 1055 3288 vim
1076 3222 1257 3293 sententia-

152 3348 296 3414 rumque
312 3327 461 3394 omnium
478 3326 695 3418 complexum
709 3326 905 3418 negligunt3
932 3325 1038 3392 altera
1057 3333 1169 3392 autem
1186 3348 1256 3394 cer·

152 3430 243 3496 nitur
257 3429 292 3501 in
311 3451 372 3516 eo,
389 3427 491 3520 'quod
508 3428 641 3498 dicendi
663 3452 791 3522 genera
810 3424 1016 3520 distinguere
1036 3450 1103 3497 nou
1120 3427 1257 3514 adsueti,

240 3735 268 3803 *l
292 3732 379 3791 Edita
393 3742 477 3792 eata
498 3736 588 3800 1828.
614 3732 816 3794 censuram
791 3752 855 3792 ema
870 3731 992 3812 scripsit
1006 3732 1085 3790 Gurl
1098 3732 1169 3792 Ern.
1186 3732 1257 3792 We-

152 3816 268 3876 berun
259 3838 290 3876 ιιι
306 3817 427 3877 Diurnia
444 3817 674 3880 scholasticisa.
693 3821 783 3884 1829·
796 3819 874 3878 Part.
891 3818 924 3876 ll.
941 3836 1042 3876 menae
1054 3814 1150 3896 Aprili
1162 3837 1194 3878 n.
1205 3817 1257 3884 42.
1326 3840 1330 3845 ·

146 3902 185 3961 in
199 3902 309 3980 quibus
324 3902 429 3963 eodem
444 3923 521 3963 anno
536 3903 787 3964 mauselanuario
803 3923 834 3965 n.
851 3908 882 3968 2.
898 3905 930 3966 3.
944 3900 983 3960 de
998 3901 1111 3979 Rigleri
1129 3911 1159 3962 et
1176 3902 1258 3962 dxlii

153 3987 287 4049 editione
299 3988 476 4048 sententiam
489 3989 615 4048 dixerat.
651 3989 819 4051 Nouissime
831 3985 974 4048 tractavit
985 3983 1046 4046 hoo
1060 4007 1178 4049 carmen
1190 3987 1255 4050 Nic.

152 4071 314 4133 Bachiuu
305 4094 336 4132 ιιι
363 4072 514 4151 Philotae,
544 4073 792 4135 Hermenianacn's
819 4081 909 4153 atquo
930 4068 1089 4132 Phanoclia
1110 4073 1255 4153 reliquiis,
1278 4149 1279 4154 η

97 4150 100 4160 “
154 4178 231 4239 quae
250 4159 473 4240 prodierunta
496 4119 588 4226 1'829.
610 4159 694 4220 Halia
714 4162 877 4219 Saxonum,
920 4155 1002 4216 ldem
1027 4156 1173 4237 quaedam
1191 4179 1258 4217 nro·

152 4253 260 4305 nuerat
277 4245 310 4303 in
330 4264 456 4304 censura
476 4243 621 4308 Athenaei
641 4266 658 4305 a
674 4246 719 4307 G
726 4241 879 4304 oindorfio
901 4240 997 4303 editi
987 4264 1019 4302 ιιι
1041 4241 1136 4303 lahnii
1154 4243 1257 4303 Anna-

152 4329 233 4390 libus
248 4330 308 4389 vol
325 4331 378 4392 lX.
394 4331 468 4393 faro.
482 4331 533 4394 ΙΙΙ.
