2842 4920
251 306 257 315 ’
371 341 606 406 carneuna
631 342 788 409 amun
815 342 969 410 ancmu
1151 366 1216 441 m·

274 533 333 604 Tu
353 533 472 620 doces,
497 530 616 606 Beeki.
667 532 749 603 Tibi
772 539 905 627 saquis
931 552 1063 633 aequet,

275 670 390 756 Quum
414 692 544 739 memor
569 671 677 762 longa·
693 672 779 741 serie
803 675 960 744 revolvis·

147 862 158 880 .,
274 809 362 889 Acta
386 808 553 879 seclorum
578 815 613 875 et
637 807 807 877 celebrata
830 810 943 902 pr‘uco
1074 854 1077 863 =

532 943 678 1016 Nomina
702 944 846 1033 mundo,
963 953 966 957 '

269 1149 436 1239 Bellaque
462 1158 497 1217 et
519 1172 619 1243 reges
644 1151 839 1243 variamque
864 1162 992 1228 sonem>

269 1287 429 1355 Gentium
453 1286 665 1378 insignesque
690 1285 776 1358 viros
802 1298 837 1357 et
861 1313 962 1360 ausus

270 1424 411 1492 Nobiles
436 1445 568 1505 narras3
601 1425 784 1496 trutinaeve
808 1426 894 1497 iusta
920 1451 980 1497 ex-

532 1561 643 1648 amine
660 1585 799 1656 pensas,

271 1764 365 1850 Quid
389 1785 506 1834 recens
532 1775 622 1835 aetas
647 1763 822 1858 hominum
847 1766 1014 1858 elaboret,
1042 1788 1046 1805 ··

269 1903 370 1970 Nunc
396 1911 514 1994 petens
538 1905 642 1971 finem
666 1903 776 1971 iaculo
797 1914 959 1997 negatum

219 2024 222 2029 ’
268 2038 399 2126 Debili,
424 2060 513 2106 nunc
538 2039 573 2106 iu
598 2039 752 2107 tenebras
774 2040 895 2112 inertes

402 2176 405 2182 '
525 2175 638 2244 Caeca
657 2176 832 2261 relabens;

265 2374 419 2447 Helladis
438 2379 493 2446 vel
519 2378 601 2468 quid
624 2377 732 2447 lateat
751 2381 888 2450 vetustis

268 2516 431 2585 Abditum
453 2514 592 2597 chartis,
616 2512 807 2603 populusve
832 2524 996 2585 monstras

266 2652 404 2721 Romuli
429 2657 466 2719 ut
491 2649 610 2718 Graias
637 2648 783 2716 imitetur
806 2659 897 2721 artes

527 2784 599 2855 Ore
623 2784 754 2854 Latino.
843 2771 846 2776 ¹

267 2993 368 3062 Vnde
393 2993 520 3062 divinas
541 2991 672 3060 tabulas
697 2991 844 3060 recludis

264 3129 370 3198 Fidus
395 3132 576 3222 interpres,
601 3127 785 3218 liquidique
812 3128 914 3197 fontis
978 3170 987 3178 -

265 3268 446 3337 Haustibus
472 3267 588 3360 magni
611 3267 756 3358 genuina
781 3264 903 3356 pandis

525 3406 618 3473 Iussa
641 3403 810 3496 magistri,

264 3591 379 3682 Saepe
404 3565 518 3661 furata
541 3591 655 3659 vitiata
679 3589 842 3677 fraudes

267 3729 382 3820 Saepe
407 3730 534 3798 vesanis
560 3736 722 3796 temerata
741 3726 838 3812 rixis,
998 3820 1001 3825 ἱ

266 3865 382 3950 Quum
402 3865 496 3933 furor
521 3887 637 3933 saevus
661 3864 843 3933 stimularet
868 3869 903 3930 et
917 3861 980 3929 -fa-
1002 3926 1004 3931 ,
1061 3952 1063 3957 .

524 4002 650 4068 naticus
676 4023 778 4068 error.

264 4188 361 4257 Idem
386 4186 468 4256 ades
492 4187 647 4276 rectique¹
668 4184 815 4276 bonique
840 4206 957 4254 suasor

238 4338 242 4345 “
263 4326 382 4397 Rebus
407 4325 441 4394 in
465 4325 612 4416 eunetis,
635 4323 847 4416 monitorque
872 4329 971 4392 acuto
