2842 4920
201 375 246 440 σε
548 367 607 429 or
641 366 914 435 aanrrcvna
936 361 984 432 οι

204 562 266 658 γῆς
282 552 541 656 ιιατορύξουσι,
568 560 643 632 εἴτε
657 557 889 650 ἑιυομίσουσι
904 563 939 639 ἐς
954 556 1066 656 ἄλλην
1084 553 1212 657 χώρην.
1245 561 1319 631 Sed

204 665 299 758 apud
309 663 598 733 Demosthenem
589 685 624 730 111
635 661 761 754 Euerg
778 670 811 730 et
823 660 969 737 Muesrb
980 687 1016 755 p
1032 662 1145 752 1160,
1160 660 1233 732 9.’
1209 693 1319 738 ακον-

205 795 333 848 σαντες
349 769 391 840 δέ
408 793 482 859 μου
505 792 540 838 οι
533 764 716 888 ε’ξηγηται
734 766 854 838 ταῦτα
863 819 877 853 ,
904 760 1042 862 ἤροντό
1061 794 1109 857 με
1116 821 1130 855 ,
1158 761 1319 864 πότερον

204 865 445 969 ἐξηγήσωνταί
475 896 542 960 μοι
572 863 711 960 μόνον,
756 867 862 964 ῆναὶ
887 865 1214 960 συμβουλεύσωσιν.
1267 872 1320 938 lta

204 974 343 1066 quidem
363 972 520 1040 Reiskius
537 994 615 1057 cum
638 972 714 1040 cod.
731 972 814 1039 Bav
831 980 865 1040 et
877 970 1076 1059 Bekkerus‚
1103 972 1197 1063 apud
1214 996 1324 1064 quem

204 1078 274 1147 duo
286 1075 388 1149 codd.
402 1084 439 1143 ut
455 1075 560 1166 vulgo
571 1068 820 1170 ἐξηγήσωνται,
837 1075 946 1142 sicut
937 1097 970 1142 nr
981 1075 1149 1143 Herodoti
1161 1077 1239 1145 loco
1254 1078 1318 1144 ali-

205 1189 289 1270 quot
297 1178 398 1247 codd.
413 1178 824 1268 coniunctivospraebeut.
851 1176 939 1244 Mihi
948 1178 1086 1268 quidem
1100 1188 1134 1246 et
1141 1181 1235 1270 apud
1242 1180 1318 1248 He-

134 1324 137 1330 ·
204 1284 364 1353 nodotum
377 1290 520 1370 uterque
535 1280 776 1363 coniunctium,
803 1289 837 1347 et
850 1279 943 1371 apud
957 1281 1225 1350 Demosthenem
1242 1287 1317 1378 ἑξη-

205 1380 381 1483 γήσονται
395 1385 571 1477 probatur.
597 1383 743 1470 Etenim,
759 1383 883 1472 siquid
898 1382 1011 1474 video,
1028 1385 1092 1452 aha
1106 1396 1158 1454 est
1172 1387 1275 1453 futuri
1283 1387 1318 1454 in

203 1488 398 1558 huiusmodi
416 1508 553 1578 quoque
569 1487 651 1555 locis
672 1487 882 1578 significatio,
909 1510 1012 1576 quarn
1029 1499 1087 1556 aut
1106 1490 1317 1579 coniunctivi,

203 1601 263 1662 aut
270 1593 419 1684 optativi.
447 1593 536 1658 Nam
545 1591 572 1658 si
581 1590 809 1658 coniunctivus
820 1590 864 1658 de
873 1613 925 1675 eo,
940 1591 1033 1681 quod
1044 1602 1198 1684 oportet3
1216 1603 1315 1683 opta-

203 1699 290 1766 tivus
303 1703 416 1763 autem
429 1695 473 1762 de
487 1716 540 1778 eo,
563 1694 659 1782 quod
672 1695 746 1782 quis
761 1704 896 1762 censeat
902 1695 1096 1763 faciendum
1111 1719 1196 1785 esse,
1217 1718 1317 1763 usur-

203 1809 320 1893 patur:
347 1799 497 1865 futurum
516 1796 561 1863 ad
582 1821 624 1864 ea
644 1797 776 1863 videtur
793 1797 921 1882 referri,
948 1799 984 1864 in
1006 1800 1126 1886 quibus
1144 1822 1255 1887 neque
1276 1822 1318 1866 an

203 1903 351 1972 debcant
368 1903 458 1986 fieri,
484 1922 597 1988 neque
610 1922 653 1966 an
669 1909 803 1967 censeat
824 1901 898 1989 quis
912 1900 1025 1969 futura
1040 1925 1132 1987 esse,
1159 1902 1220 1970 sed
1236 1903 1318 1970 sim·

203 2006 337 2100 pliciter
354 2028 397 2072 an
417 2005 482 2071 sint
500 2003 613 2070 sutura
637 2004 818 2091 quaeritur,
845 2005 866 2070 i.
884 2026 914 2075 e.
930 2026 990 2090 an,
1017 2007 1132 2094 siquis
1152 2029 1192 2072 ea
1204 2006 1318 2089 faciat,

205 2108 366 2177 effectum
382 2107 519 2174 daturus
533 2108 590 2192 sit,
618 2105 655 2172 id
670 2104 763 2194 quod
778 2106 851 2173 fere
874 2105 965 2173 idem
981 2115 1031 2173 est
1047 2117 1148 2195 atque
1161 2131 1204 2174 an
1218 2109 1319 2176 liceat

204 2212 330 2282 facere.
357 2210 476 2298 ltaque
491 2218 525 2276 et
540 2208 634 2299 apud
650 2207 866 2276 Herodotum
881 2218 975 2276 recte
986 2232 1022 2276 se
1039 2208 1214 2277 habebunt
1228 2210 1319 2278 indi·
1410 2200 1412 2203 ¹

204 2313 303 2383 cativi
333 2323 368 2380 et
396 2314 430 2380 in
450 2311 688 2406 Demosthenis
711 2313 790 2379 loco
810 2321 889 2403 apte
912 2311 1046 2403 legetur
1071 2307 1318 2411 ἑξηνήσονται,

203 2413 502 2510 interrogabant,
529 2425 653 2485 utrum
673 2415 916 2508 interpretari
941 2425 1083 2484 tantum
1099 2417 1240 2500 liceret,
1268 2439 1319 2485 an

204 2520 378 2592 deberent
400 2521 513 2590 etiam
527 2520 717 2588 concilium
731 2520 837 2590 dare.
876 2520 1032 2610 Apparet
1048 2542 1140 2605 vero,
1166 2518 1202 2585 id
1217 2520 1318 2587 etiam

201 2627 323 2695 Latine
344 2635 437 2693 recte
463 2623 530 2691 dici
550 2646 615 2715 per
635 2624 801 2691 futurum:
837 2632 961 2691 utrum
985 2623 1238 2692 tantummodo
1261 2624 1318 2691 r'n-

202 2728 447 2821 terpretaturi
461 2735 592 2799 essent.
631 2727 818 2796 Confirmat
829 2726 919 2794 hanc
936 2727 1196 2817 explicationem
1212 2750 1318 2815 quum

201 2831 286 2900 illud
308 2831 401 2922 apud
415 2830 631 2899 Herodotum
646 2830 706 2902 Vl.
723 2828 785 2917 86,
802 2829 837 2903 3.
854 2830 1108 2924 ἐπειρωτῶντα
1125 2831 1163 2902 δὲ
1190 2825 1318 2914 αὐτόν,

204 2939 240 3008 εἰ
253 2932 348 3029 ὅρκῳ
364 2927 414 3006 τοὶ
430 2927 602 3031 χρήματα
617 2937 794 3029 ληΐσεται,
814 2931 838 3030 ἠ
853 2932 979 3029 Πυθίη
994 2936 1211 3029 μετέρχεται
1223 2939 1318 3013 τοῖς·

204 3042 243 3112 δι
264 3044 361 3111 τοῖσι
386 3038 504 3119 ἔπεσιε
532 3060 601 3126 quo
623 3037 659 3103 in
680 3037 759 3105 loco
782 3037 995 3104 manifestum
1010 3045 1077 3122 est,
1103 3058 1170 3103 non
1197 3035 1241 3102 de
1264 3058 1317 3122 eo,

202 3141 285 3232 quid
307 3150 479 3232 oporteat,
512 3140 574 3209 sed
594 3139 676 3228 quid
697 3141 813 3226 liceat,
848 3162 1040 3208 sermonem
1066 3162 1157 3225 esse,
1191 3148 1317 3206 utnon

203 3245 357 3313 debuerit
376 3245 549 3312 Werferus
570 3244 603 3309 in
623 3244 698 3309 Act.
714 3240 811 3314 Mon.
826 3243 852 3312 Ι.
866 3266 903 3333 p.
927 3241 1013 3314 234.
1039 3241 1083 3309 de
1107 3242 1317 3310 coniunctivo
1344 3282 1345 3285 κ

201 3345 400 3439 reponendo
420 3347 588 3436 cogitare;
610 3355 682 3411 tum
699 3346 798 3435 plura
822 3345 916 3436 apud
935 3344 1177 3435 Thucydidem
1200 3368 1317 3412 exem-

201 3452 278 3543 pla,
306 3472 394 3537 quae
409 3446 516 3516 habes
531 3447 624 3540 apud
638 3448 841 3539 Popponem
856 3449 923 3516 vol.
940 3449 967 3520 Ι.
991 3447 1023 3515 l.
1047 3472 1085 3540 p.
1105 3447 1193 3520 137.
1222 3447 1317 3516 Con-

201 3555 314 3621 firmat
329 3552 429 3619 etiam
452 3551 563 3618 similis
583 3550 752 3618 indicativi
774 3552 959 3642 praesentis
981 3574 1071 3619 usus.
1122 3554 1212 3621 Nam
1233 3551 1318 3619 illud

203 3656 342 3746 quidem
356 3678 421 3747 pcr
436 3678 472 3722 sc
496 3655 708 3746 intelligitur,
735 3655 813 3741 ubi,
840 3679 884 3722 an
906 3655 947 3722 sit
966 3655 1111 3742 aliquid,
1134 3656 1318 3744 quaeritur,

202 3760 390 3828 necessario
407 3780 486 3826 eum
500 3759 596 3826 verbi
612 3758 752 3826 modum
766 3759 910 3848 requiri,
936 3767 973 3825 ut
987 3758 1082 3849 apud
1103 3758 1318 3827 Herodotum

203 3863 264 3934 lX.
298 3860 413 3929 16.
385 3889 429 3941 ως
453 3858 544 3934 δὲ’
521 3889 594 3934 απο
625 3860 821 3934 δείπνου
800 3888 910 3941 εσαν,
946 3856 1213 3950 διαπινόντων,
1250 3887 1317 3933 τον

205 3968 347 4063 Πέρσην
373 3992 440 4037 τον
463 3958 676 4058 ὁμόκλινον,
701 3959 861 4038 Ελλάδα
883 3964 1104 4057 yloiocor'
1069 3993 1189 4051 ιεντα,
1219 3966 1317 4059 alp-e

204 4077 296 4141 σθαι
312 4061 447 4150 αυτόν,
474 4061 697 4147 οποδαπός’
679 4092 775 4140 εστι
802 4069 864 4136 sed
879 4069 1087 4156 aliquantum
1104 4069 1147 4135 ab
1167 4069 1236 4135 hoc
1253 4066 1317 4133 dif-

202 4172 269 4240 fert
284 4172 367 4239 illud
389 4171 595 4244 ciusdcmV
619 4170 721 4243 43
699 4199 718 4242 ο
744 4173 798 4251 δέ,
827 4198 983 4250 ακουσας
1006 4171 1146 4259 ταῦτα,
1174 4176 1208 4250 ἐς
1223 4170 1317 4242 Aet·
1339 4183 1341 4187 ’

204 4303 294 4399 ρους
329 4277 449 4364 οἴχετο
474 4269 693 4401 χρησόμενος
720 4273 773 4368 τῷ
795 4273 1020 4402 χρηστηρίω,
1057 4277 1091 4346 εἰ
1114 4276 1229 4370 αιρέει
1257 4269 1317 4344 ἐπ

96 4433 101 4442 .
203 4405 247 4474 νν
264 4379 452 4454 στελλεται
467 4399 604 4476 χωρην
607 4375 712 4474 ἠδὲ
732 4377 860 4484 Πυθιη
877 4403 911 4449 οι
929 4378 1002 4473 χρᾷ
1019 4371 1191 4475 αἱρήσειν
1226 4375 1316 4444 Hinc
