2842 4920
29 414 34 422 ·
86 434 90 456 ,
159 384 224 448 nr
288 377 339 439 os
360 374 695 439 ruscmrrrouruvs
717 372 945 450 ovrnvsuun
967 357 1142 437 snmus.

264 569 390 637 Parnm
415 575 572 635 accurate
597 566 757 656 loquutus
775 575 827 635 est
845 565 1031 653 Hesselins,
1056 582 1164 657 quum
1186 565 1272 635 scri·

161 673 230 766 psit
249 669 370 741 dubiis
394 668 549 763 virgsda
573 666 788 741 subnotatis.
829 669 929 755 Quae
956 669 1061 739 verbs
1082 677 1179 762 potet
1202 690 1273 739 uon

161 775 207 845 ad
231 774 399 868 lapidem,
424 773 460 842 in
488 794 558 863 quo
582 771 713 842 litterae
734 772 857 842 dubins
875 774 1010 867 virgula
1034 781 1173 843 notatae
1197 774 1294 855 sint.

154 879 225 949 sed
248 878 295 968 ad
314 877 509 969 exemplum
532 874 777 969 inscriptionis,
805 876 841 944 in
865 890 937 967 quo
961 876 1037 970 ipso
1062 899 1120 946 eas
1144 876 1273 946 littores

163 983 293 1078 virgula
318 980 503 1067 notaverit,
528 1001 603 1048 esse
627 976 817 1051 referende.

264 1084 437 1177 Slgloruru
462 1082 673 1175 aenigmate,
706 1104 796 1175 quae
820 1080 1021 1151 Welclrerus
1039 1081 1274 1174 inscriptura
1314 1085 1323 1096 ‘

162 1188 326 1258 invenisse
352 1185 416 1256 sibi
440 1187 529 1255 risus
556 1195 624 1274 est,
655 1186 748 1254 nulls
771 1186 993 1272 inessent,
1024 1185 1087 1254 sod
1112 1208 1204 1276 quae
1224 1186 1273 1255 sic'

161 1292 314 1385 appellat
332 1290 464 1359 litterae
488 1297 564 1358 sunt
587 1288 703 1373 binae,
734 1297 874 1376 terum,
900 1297 1084 1378 quaternae
1101 1288 1273 1359 communi
1321 1328 1324 1332 ·

161 1394 251 1464 lines
277 1393 466 1486 copulatae.
520 1390 579 1462 Sic
605 1392 697 1478 NA,
730 1395 827 1480 NE,
860 1393 962 1481 ME,
999 1395 1098 1481 ΠΡ,
1137 1393 1272 1478 ΝΜΕ,

162 1501 306 1575 ΗΝΙΙ,
341 1497 525 1584 ΝΜΝΗ,
557 1494 711 1584 aliaeque
731 1495 862 1565 litterae
884 1495 921 1563 in
945 1516 1047 1564 unam
1075 1495 1273 1565 eordanctne

161 1601 306 1695 ligurem
330 1609 407 1668 sunt
432 1621 492 1685 eo,
518 1598 615 1688 qnod
640 1599 763 1691 prioris
789 1599 956 1689 cuiusque·
976 1598 1200 1669 ultimalines
1224 1599 1273 1668 si·

161 1705 233 1773 mul
257 1703 369 1796 prima
393 1702 562 1791 sequentis
596 1710 656 1772 est
711 1699 906 1773 Obscurum
939 1709 1041 1791 atque
1072 1702 1273 1795 ambiguum

160 1807 264 1899 plone
287 1805 387 1890 nihil,
423 1804 485 1874 sed
510 1804 622 1883 omniu
647 1804 739 1874 clere
765 1805 988 1895 distincteque
1011 1805 1213 1898 perscripto.

259 1908 332 1983 ‚vbi
351 1906 552 1977 Welcltenrs
582 1908 683 1977 trium
709 1931 866 1977 versuum
892 1907 1085 2000 fragmenta
1110 1908 1273 1996 exuunt,

160 2012 194 2081 in
215 2013 289 2106 ipsa
313 2010 531 2104 inscriptione
551 2010 634 2080 nihil
655 2010 719 2080 nisi
744 2034 849 2081 unum
873 2019 1073 2104 corruptum
1091 2020 1273 2105 pentem

160 2126 251 2184 trum
277 2137 368 2196 esse,
401 2115 592 2207 legentibus
617 2114 859 2184 librum-suum
878 2136 948 2183 nou
972 2115 1142 2185 indicavit.
1178 2115 1274 2185 Hes-

161 2218 260 2286 selius
286 2239 355 2285 nou
380 2239 468 2308 opus
493 2216 645 2286 habebat
673 2217 718 2286 de
744 2238 786 2286 ea
823 2232 861 2286 re
889 2217 1025 2306 dicere,
1055 2227 1093 2288 ut
1124 2217 1185 2310 qui
1210 2218 1272 2288 de·

160 2320 296 2412 pictam
320 2327 590 2413 repraesentaret
624 2319 747 2412 lapidis
779 2321 993 2414 scripturum
1049 2321 1273 2392 Welolresum

54 2406 58 2431 ⁵
160 2445 263 2510 vero,
295 2422 355 2514 qui
382 2422 632 2516 inscriptionem
661 2423 855 2516 vulgaribus
885 2425 1000 2518 typis,
1032 2433 1068 2495 et
1094 2446 1161 2518 pro
1193 2448 1273 2496 me*

40 2598 43 2612 ,
160 2535 214 2597 tro
249 2527 285 2595 in
309 2549 425 2596 versus
462 2525 668 2613 distinctam,
707 2536 810 2618 atque
842 2526 932 2597 adeo
964 2526 1022 2597 hic
1053 2526 1123 2599 illic
1157 2538 1272 2599 muta-

159 2622 230 2699 tam
255 2628 449 2719 exhiberet,
470 2653 573 2721 quum
590 2633 735 2700 maxime
760 2630 942 2724 oportebat
967 2639 1127 2702 securata
1140 2630 1272 2703 descri-

159 2734 277 2826 ptione
306 2733 462 2814 efficere,
502 2742 540 2803 ut
572 2735 716 2804 lectores
743 2756 832 2824 quae
861 2733 1006 2804 adrem
1030 2736 1183 2807 facerent
1206 2758 1271 2806 co-

159 2858 326 2928 gnoscere
357 2844 498 2928 possent
531 2845 634 2928 atque
657 2837 885 2930 perpendere.
936 2838 1000 2907 llle
1025 2839 1121 2930 quod
1146 2840 1271 2931 onu'sit,

160 2959 249 3006 nnnc
276 2959 344 3030 ego
368 2938 505 3008 ‘faciam
556 2940 613 3010 Ab
640 2950 785 3032 utroque
809 2941 915 3010 latere
940 2943 1074 3034 figurae
1095 2943 1270 3014 muliebris

159 3042 273 3134 posita
298 3049 350 3110 est
375 3042 564 3136 inscriptio,
605 3054 641 3114 et
665 3045 803 3135 quidem
828 3046 863 3113 in
888 3044 1019 3114 sinistra
1042 3056 1143 3139 perte
1167 3046 1270 3117 disti-

161 3145 227 3213 cha
251 3145 316 3214 tris
343 3146 479 3237 priora,
510 3147 545 3216 iu
575 3145 694 3217 dextre
719 3157 878 3238 quattuor
902 3148 1041 3238 reliqua
1093 3149 1269 3220 Hesseliuss

159 3270 228 3316 non
253 3247 404 3317 exhibuit
422 3249 606 3341 imaginem
631 3251 788 3340 mulieris,
816 3251 878 3321 sed
904 3252 1013 3321 solem
1032 3252 1268 3323 adumbratio-

13 3352 19 3377 ⁴
159 3370 238 3419 nem
264 3351 381 3442 spatii,
414 3351 509 3440 quod
529 3353 588 3421 illa
612 3353 787 3447 implebat.
842 3356 940 3441 Quae
965 3356 1064 3448 sputii
1085 3356 1269 3425 delineatio

158 3462 332 3543 tamquam
357 3453 393 3521 in
418 3455 491 3523 solo
517 3464 583 3526 stat
605 3457 640 3525 in
665 3458 754 3525 linea
777 3466 965 3528 transversa
991 3481 1058 3550 per
1078 3468 1190 3529 totum
1214 3460 1268 3528 ls-

157 3556 275 3651 pidem
308 3556 421 3630 ducta.
480 3557 657 3629 Sinistrum
698 3560 783 3630 latus
815 3560 937 3653 lapidis
970 3562 1118 3631 continet
1148 3584 1267 3632 versus

158 3661 251 3731 xix.
272 3681 419 3751 quornm
439 3660 533 3734 xvi.
547 3685 651 3756 super
670 3686 711 3732 es
732 3664 831 3754 lines,
856 3665 978 3755 reliqui
990 3664 1050 3734 lll.
1075 3665 1164 3734 infra
1178 3673 1267 3737 sunt

157 3763 321 3835 Dextrum
347 3764 445 3848 latus,
471 3764 564 3835 cuius
587 3767 704 3859 paullo
729 3768 838 3837 maior
856 3767 999 3837 latitudo
1023 3776 1086 3851 est,
1110 3791 1179 3839 nou
1203 3768 1268 3839 nisi

158 3866 251 3938 xvl.
276 3890 395 3939 versus
421 3867 543 3956 hebet,
568 3870 627 3960 qui
653 3870 748 3961 quod
769 3872 844 3941 fere
868 3871 960 3940 xvi.
986 3872 1105 3963 primis
1130 3872 1266 3942 alterius

158 3968 268 4038 leteris
293 3972 444 4040 versibus
470 3973 694 4066 respondent,
726 3995 842 4044 omnes
869 3981 946 4042 sunt
971 3997 1074 4066 supra
1099 3976 1199 4045 istam
1223 3975 1266 4043 li·

156 4092 256 4139 neam
282 4075 409 4166 scripti.
452 4075 524 4144 lem
550 4096 655 4166 quum
681 4077 800 4149 sinistri
825 4077 936 4146 lateris
957 4079 1138 4171 postremis
1157 4078 1265 4147 tribus

115 4191 117 4194 ⁴
149 4174 307 4244 versibus
332 4177 416 4246 uilril
440 4177 475 4246 in
500 4178 620 4249 dextro
645 4181 751 4260 latere
775 4181 974 4274 oppositum
991 4183 1057 4264 sit,
1083 4181 1266 4250 coniecisse

157 4276 291 4348 ridetur
311 4278 522 4365 Welckerus,
546 4305 692 4353 vacuum
717 4284 801 4354 illud
826 4285 973 4377 spatium
994 4284 1122 4355 litteris·
1139 4285 1266 4377 imple-

155 4388 227 4450 tum
252 4381 364 4452 fuisse.
417 4383 464 4452 At
493 4383 736 4456 nihilomnino
762 4410 902 4457 caussae
930 4395 1005 4457 erst
1030 4410 1091 4457 cnr
1116 4389 1166 4458 sic
1193 4387 1265 4457 exi-
