2842 4920
403 362 841 426 nsnMssttherls
870 365 1024 432 essct.
1197 373 1262 437 m

308 548 404 650 ἄμφι
397 550 507 648 βίον
524 555 686 647 oaoyvois
701 550 920 629 α’ντιοῖσαντι
937 556 1061 631 νυνοῖν.
1136 579 1139 585 ’

256 654 374 751 ἄνδρα
392 659 434 730 δέ
438 710 453 745 ,
480 648 547 729 τόν
563 658 787 754 Κυθέρηθεν
792 655 1053 782 οἱνιτρέψαντο
1071 665 1225 759 τιθῆναι

179 757 230 828 70
307 754 460 850 Βοὶιιχου
477 787 537 831 ναι
529 759 674 833 λωτοῦ
690 755 917 835 πιστότατον
932 763 1068 860 ταμίην
1329 849 1331 853 ,

257 860 434 984 Morinos,
461 864 708 936 παιδευθέντα
727 859 943 954 Φιλόξενον,
970 865 1031 940 οἷα
1047 871 1234 960 τιναχθεὶς

308 959 430 1061 siponi
447 958 582 1060 ταύτης
596 961 686 1060 ηλθε
703 960 765 1039 δια
782 961 958 1056 πτόλεως,

256 1062 477 1161 γιγνώσκεις,
505 1064 636 1140 oit‘onon
653 1071 768 1161 μέγαν
783 1064 965 1156 πόθον,
952 1099 994 1144 ον
986 1074 1211 1196 Γαλατείης

308 1167 432 1250 αὐτοῖς
446 1169 608 1298 μηλείοις
626 1166 772 1266 θήκαθ’
792 1165 865 1245 aiud
879 1169 1080 1269 προγόνοις.

179 1271 230 1345 75
258 1267 370 1346 οἶσθα
387 1274 425 1346 δὲ
441 1301 500 1344 ναι
521 1266 589 1345 τόν
606 1269 755 1363 αόιδόν,
784 1275 826 1348 ὁν
847 1271 1068 1370 Ενρνπαλον
1084 1281 1257 1378 πολιῆται

308 1376 413 1449 Koios
429 1370 596 1467 χάλκειον
613 1375 768 1473 θῆκαν
746 1405 816 1450 νπο
810 1371 1024 1472 πλατάνῳ,

257 1477 418 1553 Βιττίδα
430 1471 667 1572 μολπάζοντα
681 1475 795 1576 θοήν,
822 1479 903 1577 περι
918 1475 1040 1555 πάντα
1057 1486 1219 1581 Φιλητοῖν

154 1691 365 1707 m

152 1843 187 1883 ea
206 1822 356 1901 scriptura
374 1820 498 1897 debeat,
521 1842 558 1880 an
572 1823 650 1882 male
667 1820 790 1882 llomeri
807 1842 894 1884 usum
909 1821 1113 1903 interpretatis
1127 1823 1259 1884 Alexan·

150 1907 247 1968 drinis
261 1905 472 1985 grammaticis.

240 1997 291 2059 68.
316 1995 452 2070 Languet
473 1985 554 2071 οἷμφλ
574 1992 663 2071 βίον,
686 1991 774 2051 etiam
788 1992 814 2051 si
827 1992 864 2052 de
880 1992 941 2051 vita
958 1993 1105 2053 luctatum
1125 2015 1194 2054 eum
1210 2017 1259 2055 oa-

150 2081 242 2140 nibus
258 2078 317 2138 diei
336 2076 510 2155 Euripidem
528 2076 641 2136 credas.
685 2077 787 2151 Quare
807 2072 975 2157 Ἀμφιβίου
996 2079 1144 2159 scriptum
1165 2082 1259 2143 fuisse

149 2175 239 2248 puto.
282 2162 497 2242 Moschopulus
512 2183 580 2222 eum
593 2161 744 2223 hominem
759 2162 969 2243 Lysimachum
982 2175 1081 2224 vocat.

237 2251 291 2314 69
314 2249 383 2308 Non
402 2249 493 2327 plane
510 2248 762 2309 contemnendum
767 2248 880 2328 ,quod
893 2248 1088 2312 habetLaur.
1106 2246 1181 2333 α’νδρ
1184 2275 1257 2316 ατε.

148 2335 267 2398 Eodem
284 2353 375 2394 versu
397 2332 541 2392 Athenaei
562 2329 672 2396 edd.'
652 2359 722 2397 ανετ
723 2333 867 2417 ρέψαντο.
911 2335 959 2394 Ex
981 2336 1071 2400 codd.
1089 2276 1181 2395 οἱΙιίΙρ
1185 2358 1258 2399 eno-

149 2432 259 2482 ta.tum
303 2418 501 2479 Ruhnkenius
521 2429 624 2479 tacens
646 2419 749 2494 dedit,
777 2420 940 2498 quodiam
963 2421 1085 2481 Latinus
1109 2422 1259 2503 interpres

150 2513 361 2587 expresserat,
393 2497 616 2586 ἐνεθρέψαντο.
660 2501 897 2584 Interpretes
862 2527 916 2568 τον
938 2525 994 2583 pro
1014 2502 1182 2569 dedictum
1203 2529 1258 2614 pu-

150 2601 226 2741 tante.
273 2589 444 2669 Elegantius
472 2589 674 2666 scriberetur,
711 2585 809 2672 ἄνδρα
839 2585 933 2652 δὲ
899 2613 952 2652 τον
983 2588 1233 2674 Κυθέρηθεν,
1223 2590 1260 2656 δν

150 2677 191 2742 id
255 2700 335 2739 αντο.

191 2702 209 2760 Q
226 2691 291 2828 qiil.
316 2761 382 2821 Non
395 2770 476 2822 recte
487 2758 719 2820 intellexerunt
710 2767 889 2840 interpretes
904 2757 964 2819 hoe
979 2757 1140 2839 distichon,
1163 2781 1261 2840 quan-

151 2858 218 2910 tum
237 2869 275 2907 ex
292 2868 397 2906 eorum
412 2846 656 2907 adnotationibus
675 2846 775 2923 colligi
791 2854 903 2926 potest.
936 2845 1187 2908 Παιδεοθὲντα’
1164 2849 1260 2926 signi·

150 2933 224 2994 ficat
252 2935 460 3012 castigatum:
481 2932 605 3010 respicit
628 2929 705 2990 enim
728 2939 819 3010 poeta
839 2950 985 3009 poenam,
1014 2952 1072 3010 qua
1091 2932 1214 2992 affectus
1240 2956 1258 2992 s

152 3019 297 3099 Dionysio
322 3020 421 3078 fuerat
439 3017 642 3078 Philoxenus:
679 3013 760 3073 unde
782 3014 833 3072 ille
861 3016 1030 3094 τιναχθείς,
1065 3015 1259 3078 vehementer

153 3114 339 3178 commotus,
363 3097 484 3190 α’ρυηη,
507 3100 614 3179 magno
632 3119 700 3159 oum
716 3099 830 3158 eiulatu
849 3118 906 3197 per
925 3098 1030 3158 urbem
1053 3100 1259 3181 Colophonem

151 3190 288 3266 transiit,
311 3208 406 3268 quum
419 3209 450 3248 se
462 3191 494 3247 in
512 3187 640 3289 patriam
657 3182 786 3264 Cythera
793 3185 959 3292 reciperet.

239 3278 291 3340 73.
314 3274 397 3333 Libri
421 3274 501 3336 MSS.
523 3267 685 3356 γιγνώσκει
702 3261 806 3332 καὶ
768 3288 865 3333 ουσαν
878 3269 981 3352 μέγαν
1025 3268 1102 3329 Edd
1118 3280 1191 3334 vett.
1207 3271 1260 3336 καλ

152 3355 327 3442 οὖσαμέγαν
347 3360 397 3421 vel
422 3360 551 3422 ναίουσα
575 3357 676 3439 μέγαν.
721 3355 899 3416 Emendavit
922 3355 1127 3417 Ruhnkenius.
1171 3356 1260 3417 Allo-

153 3445 259 3525 quitur
269 3453 357 3525 poeta
371 3444 536 3522 Leontium,
557 3443 783 3519 amioamsuam,
807 3440 1260 3538 cuihoccarmenscriptumest.

239 3531 292 3596 74.
316 3531 399 3590 Libri
414 3531 541 3611 μηλίνας.
585 3528 727 3588 Correxit
739 3527 880 3606 Hennga,
902 3528 979 3588 male
993 3539 1092 3587 tamen
1107 3527 1260 3608 interpre-

152 3625 231 3675 tans.
273 3616 412 3676 Tibicina
428 3617 478 3675 illa
500 3615 574 3692 suit,
604 3623 700 3693 amata
722 3613 884 3694 Dionysio,
906 3623 942 3672 ut
963 3635 1002 3673 ex
1015 3612 1168 3673 Athenaeo
1183 3634 1214 3694 p.
1229 3620 1258 3680 6.

153 3706 184 3766 7.
209 3712 397 3780 compertum
420 3701 576 3762 habemus.
619 3701 690 3759 Eam
711 3698 928 3772 Hermesianax
943 3699 1042 3758 dicere
1062 3695 1184 3759 videtur
1198 3700 1259 3778 pri.

153 3805 237 3845 mum
259 3806 332 3847 oves
354 3789 493 3869 pavisse,
521 3805 616 3867 eoque
635 3785 696 3845 iam
719 3793 857 3866 tempore
879 3805 980 3844 amore
999 3781 1166 3843 incendisse
1189 3784 1261 3844 Phi-

154 3871 307 3932 loxenum.

239 3963 292 4022 77.
314 3956 397 4017 Libri
419 3956 549 4019 Βιττίδα.
592 3954 628 4014 Id
651 3975 744 4034 quum
766 3953 914 4013 Graecum
935 3971 1045 4012 nomen
1073 3971 1133 4012 esse
1157 3952 1262 4016 docuit

154 4039 369 4118 Ruhnkenius,
391 4062 452 4103 non
471 4042 617 4103 refutavit
638 4041 834 4118 Scaligerum,
857 4037 909 4117 qui
928 4037 1029 4097 Ovidii
1052 4036 1170 4098 dnobus
1186 4041 1261 4100 locis

156 4126 308 4187 adductus
328 4129 459 4190 Βαττίδα
478 4126 667 4186 scribendum
685 4125 812 4185 censuit.
855 4124 924 4182 Non
945 4132 989 4182 est
1010 4123 1089 4183 enim
1106 4125 1260 4205 credibile,
1280 4173 1281 4177 ,

154 4210 264 4271 no'men
271 4255 280 4288 ,
303 4213 386 4292 quod
406 4212 551 4292 exipsius
564 4211 697 4271 Philetae
711 4209 893 4269 carminibus
907 4218 1013 4269 notum
1027 4218 1118 4288 esset,
1141 4210 1178 4269 ab
1194 4211 1260 4272 aliis

155 4297 242 4357 aliter
257 4318 321 4357 esse
335 4298 489 4379 scriptum.
527 4299 632 4376 ltaque
646 4295 704 4355 nisi
712 4295 748 4353 in
761 4292 865 4354 Ovidii
877 4295 952 4354 locis
966 4315 1106 4375 peccasse
1118 4295 1259 4357 librarios

156 4382 349 4464 ostendetur,
371 4383 569 4465 corrigendus
582 4382 638 4444 erit
650 4380 901 4444 Hermesianactis
916 4399 1032 4442 versus.
