2842 4920
421 340 473 401 DE
492 338 678 405 Mmsvul
690 340 915 419 vunlvsovu
934 340 985 409 ἄν.
1192 349 1258 417 sm

150 557 226 606 esse
240 526 318 606 ὀυἰι
344 526 390 603 ἄν
422 525 705 621 χ’ἑσοιιιέσειιι.
764 534 879 602 Potuit
910 534 967 602 hic
1001 534 1140 626 quidem
1172 560 1256 631 pro·

150 660 275 708 nomen
296 634 397 727 poni,
430 634 491 701 scd
513 637 623 726 potuit
642 637 743 705 etiam
764 638 881 707 omitti
942 638 1057 723 Quare
1078 642 1191 710 nescio
1213 659 1272 711 an¹

150 743 208 811 hic
230 742 326 808 locus
344 737 382 805 iis
412 736 682 808 adnumerandus
705 742 765 832 sit,
798 740 983 831 dequibus
1003 765 1091 812 nunc
1115 743 1258 820 dicetur.

251 908 312 979 lv.
340 906 417 1000 (V.)
442 908 549 1002 Apud
562 909 771 1004 Aeschylum
790 914 827 984 in
842 915 1101 1007 Agamemnone
1117 939 1151 991 v.
1168 914 1257 991 3⁴6.

152 1015 293 1108 legitur:

309 1168 342 1238 εἰ
357 1161 392 1239 δ’
407 1159 450 1237 εὖ
466 1164 614 1258 σε’βοοσι
627 1161 714 1250 τούς
729 1164 991 1262 πολισσούχους
1005 1165 1115 1253 θεοὺς

308 1278 394 1365 τούς
409 1283 473 1380 τῆς
488 1280 638 1386 ἁλούσης
658 1288 740 1387 γῆς,
766 1290 866 1364 θεοῖν
881 1287 924 1362 θ’
943 1285 1150 1386 ἱδρύματα,

309 1402 375 1480 οὐκ
391 1403 437 1477 ἄν
457 1398 598 1489 ἑλόντες
616 1404 726 1490 αὖθις
741 1404 941 1493 αἰθοίλοιει
957 1409 1014 1485 ἄν.

157 1578 242 1649 cod.
270 1577 420 1647 Venetus
451 1576 658 1647 Bessarionis
688 1576 753 1652 οὐκ
787 1573 985 1661 αἰελόιτες.
1048 1581 1104 1649 Ex
1128 1581 1261 1654 Fame·
1331 1604 1337 1623 ·

157 1684 266 1772 siano,
294 1682 353 1772 qui
366 1678 519 1749 Triclinii
537 1684 767 1752 recensionem
787 1682 943 1773 exhibet,
975 1683 1104 1752 editum
1129 1682 1193 1759 οὐκ
1214 1686 1261 1763 ἄν

156 1785 189 1878 χ’
212 1779 372 1871 ἑλόντες,
398 1805 462 1851 nec
478 1785 675 1879 discrepare
694 1787 850 1856 videnlur
869 1787 1048 1858 Mediceus
1067 1798 1101 1857 ct
1115 1789 1260 1861 Floren-

156 1891 240 1959 tinus
253 1889 351 1963 liber.

258 2033 299 2103 V.
334 2037 422 2132 (IL)
473 2041 515 2110 ln
534 2041 715 2135 Sophoclis
739 2042 846 2112 Aiace
869 2066 902 2112 v.
929 2041 1042 2112 1336.
1078 2046 1127 2114 sic
1149 2049 1263 2140 loqui-

155 2146 210 2206 tur
233 2138 359 2215 Vlixes.

310 2289 424 2387 ιιοῖμοὶ
437 2289 506 2392 χεὶρ
523 2292 568 2393 ἦν
581 2290 677 2371 πόθ’
693 2293 801 2378 οὗτος
815 2297 986 2387 ἔχθιστος
1000 2293 1165 2394 στρατοῦ
1170 2349 1186 2385 ,

311 2418 348 2497 ἒξ
367 2412 413 2488 οὗ
431 2411 605 2512 ἰιροὶτησοι
628 2417 702 2490 τῶι
719 2413 932 2505 Ἀχιλλείων
950 2415 1088 2490 ὅπλων·

312 2530 394 2606 ἀλλ’
410 2529 524 2607 αὐτον
540 2536 656 2617 ἔμπας
674 2531 755 2608 ὄντ’
768 2529 837 2627 ἔχω’
855 2529 998 2608 τοιόνδ’
1011 2519 1096 2626 ἐμοὶ

314 2649 379 2726 οὐκ
394 2651 439 2726 ἄν
454 2646 678 2748 οέτιμοίσαιμ’
696 2652 762 2745 οἷο,
790 2652 876 2735 sicce
890 2647 944 2752 μή
959 2655 1074 2746 λε’χειι

313 2769 366 2847 ἔν’
380 2769 487 2871 ἄνδρ’
513 2777 603 2848 ἰδεῖν
623 2773 775 2873 ἄριστοι
793 2770 985 2873 Ἀργείων,
1014 2771 1098 2849 ὅσοι

318 2891 457 2991 Τροίαν
474 2888 712 2991 ἀφικόμεσθα
719 2951 734 2987 ,
760 2891 852 2994 πλήιι
868 2892 1068 2986 Ἀχιλλέως.

161 3066 220 3135 Sic
235 3064 338 3134 Laur.
357 3088 386 3132 a.
405 3090 427 3133 a
445 3067 554 3157 prima
572 3090 689 3151 manu,
715 3068 817 3135 Laur.
834 3068 869 3136 b.
891 3066 959 3135 duo
973 3065 1159 3134 Florentini
1174 3066 1268 3158 apud

160 3169 394 3258 Dindorfium‚
428 3169 592 3238 Brunckii
614 3171 749 3240 codices
775 3180 913 3265 praeter
939 3167 1172 3256 membranas,
1207 3194 1269 3239 co-

162 3272 229 3341 dex
250 3273 431 3341 Palatinus.
485 3273 557 3342 Sed
585 3277 802 3343 membranae
822 3274 1005 3362 Brunckii,
1032 3273 1133 3341 codd.
1155 3274 1267 3347 Mosc.

162 3400 192 3443 a.
207 3376 330 3445 Dresd.
346 3376 380 3444 b.
404 3375 482 3444 edd.
497 3376 624 3446 Aldina
644 3378 679 3447 ct
700 3379 852 3447 luntinae
875 3374 1017 3450 οὔκουν.
1070 3380 1192 3470 Neque
1213 3378 1268 3445 in-

163 3480 266 3572 digna
287 3490 476 3549 memoratu
497 3480 614 3550 Bothii
630 3482 820 3550 coniectura
837 3490 905 3571 est,
931 3482 1064 3573 prolata
1079 3482 1114 3547 in
1127 3482 1269 3550 Annali-

161 3583 225 3650 bus
243 3583 561 3653 Vindobonensibus
584 3587 650 3655 vol
667 3586 823 3655 XXXVI.
842 3610 878 3681 p.
894 3583 955 3655 75.
979 3580 1043 3658 ουίι
1064 3577 1271 3680 οέιιτσιτιμοὲ·
1331 3577 1335 3582 ’

164 3711 256 3779 σαιμ
297 3714 354 3760 αι.

267 3839 327 3912 vl.
353 3839 475 3932 (vll.)
508 3840 691 3934 Euripides
713 3842 749 3910 in
768 3840 898 3910 Medea
920 3864 949 3910 v.
967 3837 1055 3908 866.

235 4091 237 4097 Ι
319 3990 391 4090 ἧιιω
404 3994 623 4076 κελευσθείς·
649 3994 709 4068 καὶ
723 3989 792 4091 χεὶρ
806 3991 898 4068 οὖσα
919 3986 1103 4090 δοςμιιής,

320 4111 384 4188 οὐκ
403 4113 449 4187 dv
463 4108 644 4210 ἁμάρτοις
657 4115 769 4189 τοῦδέ
778 4112 834 4210 χ’,
861 4112 943 4190 ἀλλ’
961 4110 1168 4210 οέιιούσομαι

319 4233 357 4308 σι’
372 4236 495 4334 χρῆμα
509 4229 636 4330 βούλει
656 4229 783 4314 uacuos
799 4240 835 4321 ἐξ
850 4235 962 4331 ἐμοῦ,
989 4233 1105 4331 χύιαι.
