2842 4920
366 340 371 359 “
475 364 559 434 nun,
583 365 608 427 1.
654 363 752 426 ctu.
773 369 805 430 a.

615 661 675 735 1v.

282 811 368 883 Dc
420 809 1052 890 constructiones

188 964 347 1035 construi
363 967 501 1039 dicimus
518 972 640 1058 verba,
666 995 754 1062 quae
770 972 946 1053 coniuncta
966 971 1103 1063 plenam
1119 993 1198 1040 sen·
1377 1059 1381 1068 .

81 1069 222 1138 tentiam
246 1071 406 1140 efficiunt
458 1076 557 1142 Nunc
582 1076 770 1167 particulae
798 1075 845 1148 ἄν
874 1082 907 1142 et
926 1076 985 1147 κέν
992 1129 1006 1163 ,
1039 1075 1198 1164 quoniam
1290 1120 1293 1128 ·

81 1300 249 1367 nusquam
267 1288 426 1369 possunt:
448 1304 527 1349 nam
544 1283 649 1352 sicubi
661 1283 757 1351 deest
771 1282 923 1368 verbum,
942 1280 1198 1374 intelligendum

81 1390 152 1449 est:
172 1381 295 1448 modos
314 1391 427 1450 autem
448 1384 641 1475 formasque
657 1387 751 1455 verbi
768 1385 945 1453 admittunt
962 1406 1096 1470 omnes,
1119 1384 1199 1474 quia

81 1485 292 1553 inomnibus
309 1487 474 1555 accedere
495 1497 610 1580 potest
634 1489 830 1557 conditionis
848 1489 985 1560 notatio.
1038 1487 1110 1557 Sed
1130 1508 1199 1555 uon
1277 1520 1279 1533 ·

82 1610 160 1655 cum
174 1588 329 1657 omnibus
346 1599 458 1658 tamen
475 1594 568 1660 solae
577 1616 642 1684 per
656 1616 693 1660 se
707 1593 853 1660 construi
866 1592 900 1657 in
913 1612 956 1658 eo
971 1590 1109 1680 quidem
1124 1613 1199 1657 ser-

81 1714 183 1759 mone
212 1702 369 1784 possnnt‚
402 1694 461 1783 qui
486 1694 643 1785 deposita
667 1695 771 1786 prisci
790 1693 952 1783 temporis
981 1692 1198 1760 fluctuatione

82 1803 191 1862 certas
210 1802 260 1862 est
276 1795 411 1865 dicendi
430 1799 526 1890 leges
544 1805 714 1888 sequutus.
764 1797 883 1885 ltaque
897 1804 991 1863 reete
1006 1795 1097 1862 dicas
1113 1816 1199 1862 con-

81 1898 163 1966 strui
187 1896 234 1970 ἄν
264 1922 342 1966 curn
362 1900 558 1988 indicativo,
589 1901 757 1993 optativo,
790 1898 988 1991 participio,
1021 1898 1196 1984 infinitivo,

81 2011 118 2068 ut
133 2003 257 2093 ἔλεγον
281 1999 345 2080 ἄν,
373 2000 514 2097 λέγοιμ’
539 2001 608 2083 ἄν,
634 2005 746 2094 λέγων
770 2001 837 2090 ἄν,
880 2004 996 2094 λέγειν
1020 1999 1086 2074 ἄν·
1126 2023 1196 2069 uon

82 2113 194 2174 autem
208 2105 316 2196 possis
335 2106 449 2174 dicere
468 2107 555 2176 solas
573 2130 637 2198 per
650 2130 688 2174 se
707 2129 784 2173 cum
801 2105 1012 2173 coniunctivo
1033 2105 1195 2174 construi:

80 2230 194 2296 neque
211 2207 298 2274 enim
313 2211 396 2304 λέγῃ
412 2208 458 2280 ἄν
477 2210 544 2278 dici
556 2211 651 2278 licet:
678 2231 883 2299 quamquam
899 2206 938 2289 dc
953 2205 999 2280 dv
1013 2207 1084 2276 iure
1099 2208 1196 2275 dice·
1285 2240 1288 2245 ¹

81 2334 155 2378 mus
179 2333 257 2378 cum
274 2311 332 2378 illo
350 2314 497 2380 construi
513 2314 608 2381 verbi
623 2311 737 2381 modo.
789 2313 888 2383 Patet
910 2320 1023 2378 autem
1044 2311 1127 2401 quid
1140 2312 1195 2378 in-

81 2415 184 2482 tersit
237 2415 327 2482 Nam
340 2415 462 2484 modus
476 2417 588 2504 verbi,
616 2438 764 2506 quocum
777 2414 851 2506 ipsa
868 2437 986 2506 perse
1007 2420 1197 2482 constructa

83 2526 133 2586 est
146 2517 314 2609 particula
331 2516 394 2598 ἄν,
422 2520 520 2587 aliam
538 2520 608 2589 eius
622 2519 816 2588 accessione
836 2524 1041 2610 potestatem
1063 2517 1196 2606 accipit.

82 2620 186 2688 Aliud
208 2629 258 2689 est
279 2621 369 2688 enim
391 2621 513 2716 ἔλεγον
541 2621 604 2710 ἄν,
632 2645 734 2713 quam
753 2622 892 2714 ἔλεγον·
925 2628 960 2689 et
981 2620 1029 2687 sio
1051 2629 1196 2704 caetera,

83 2748 171 2813 quae
187 2724 364 2794 attulimus.
402 2726 444 2792 ln
467 2727 668 2795 coniunctivi
692 2734 806 2794 autem
827 2730 995 2815 potestate
1013 2723 1095 2792 nihil
1117 2745 1196 2790 rnu-

82 2838 191 2913 tatur,
217 2829 288 2896 sive
306 2827 448 2897 accedat
470 2827 538 2919 ἄν,
565 2831 634 2899 sive
659 2852 728 2899 non
750 2827 909 2897 accedat:
942 2836 1088 2894 mutatur
1112 2847 1196 2894 vero

83 2940 234 3022 potestas
258 2932 346 3000 illius
374 2933 549 3020 vocabuli,
583 2934 638 3001 cui
665 2934 839 3001 adiunctus
867 2939 919 2999 est
949 2931 1196 2998 coniunctivus:

83 3058 161 3103 nam
178 3027 262 3122 ἐάν,
288 3032 401 3116 ὅταν,
428 3034 467 3115 ὃς
482 3034 529 3107 ἄν
543 3036 642 3103 aliam
657 3037 724 3103 vim
744 3034 891 3119 habent,
918 3055 1021 3121 quam
1039 3035 1089 3122 si,
1119 3028 1196 3121 ὅτε,

84 3135 133 3217 ὅς.
175 3137 376 3227 ltaqneuon
392 3135 632 3220 dedicendum
649 3145 700 3206 est
717 3159 795 3204 cunr
809 3133 1020 3201 coniunctivo
1039 3134 1195 3220 construi,

85 3241 145 3309 sed
169 3263 272 3309 voces
291 3241 382 3327 illas,
409 3242 529 3331 quibus
552 3242 747 3310 adiunctum
770 3247 822 3308 est
844 3229 901 3309 οἴαξ
950 3235 1006 3304 Ex
1027 3234 1080 3304 his
1106 3235 1197 3304 enim

83 3343 212 3436 pendet
230 3344 468 3431 coniunctivus,
494 3346 595 3414 etiam
609 3346 635 3413 si
650 3351 784 3412 careant
795 3339 961 3433 particula
978 3340 1044 3408 illa.
1085 3337 1196 3429 quue

85 3450 185 3516 etiam
197 3447 268 3514 aliis
281 3449 487 3539 argumentis
504 3449 737 3540 cognoscitur,
764 3455 799 3514 et
814 3445 962 3536 primurn
981 3443 1120 3533 quidem
1142 3465 1196 3532 eo,

84 3550 179 3640 quod
195 3550 301 3617 multa
315 3551 487 3619 eiusmodi·
498 3553 665 3621 vocabulo
692 3574 770 3618 cum
782 3549 948 3642 particula
969 3548 1025 3615 illa
1043 3548 1077 3616 in
1093 3569 1197 3614 unam

82 3676 205 3722 vocem
219 3655 435 3742 coaluerunt,
456 3664 495 3722 ut
508 3651 622 3743 ὅταν,
646 3646 788 3728 ὁπόταν
797 3706 812 3741 ,
838 3645 912 3730 ἐάν,
940 3642 1064 3738 ἐπεάν,
1091 3653 1196 3722 ἐπει-

84 3750 164 3841 do'r,
191 3765 225 3824 et
236 3757 363 3826 Dorica
378 3761 475 3849 αἴκα,
503 3754 610 3830 ὅκκα·
635 3756 758 3825 deinde
781 3778 801 3823 e
827 3754 1047 3822 collocatione
1067 3752 1194 3820 verbo-
1231 3814 1236 3821 .

83 3882 176 3946 rum,
208 3882 296 3949 quae
319 3883 455 3953 semper
476 3861 677 3953 particulam
699 3860 761 3927 illis
787 3857 978 3943 vocabulis,
1010 3877 1195 3946 numquam

83 3965 190 4031 verbo
206 3963 352 4056 colligat
404 3967 483 4034 Non
506 3965 597 4032 enim
618 3962 833 4055 dicipotest‚
856 3959 895 4040 ὃς
914 3960 996 4055 λέγῃ
1015 3955 1072 4033 ἄν.
1124 3957 1197 4028 Sed

84 4066 178 4155 quod
198 4066 233 4134 in
251 4067 479 4155 coniunctivo,
504 4067 597 4135 idem
614 4089 717 4157 saepe
732 4066 832 4133 etiam
845 4063 879 4130 in
892 4063 962 4130 aliis
979 4061 1074 4129 verbi
1086 4061 1196 4146 modis

84 4169 217 4256 accidit,
239 4178 277 4237 ut
290 4171 415 4238 cumiis
429 4193 500 4238 uon
513 4170 679 4262 particula
692 4166 749 4257 ἄν,
775 4166 835 4236 sed
851 4166 915 4234 alia
925 4187 991 4233 vox
1006 4164 1197 4232 adiunctam

83 4271 216 4353 habens
232 4273 324 4341 illam
340 4273 539 4365 particulam
557 4281 775 4341 construatur.
824 4268 866 4336 ld
885 4266 1091 4337 monendum
1105 4265 1196 4334 iudi-

86 4376 161 4443 cavi
175 4386 371 4469 propterea,
397 4377 492 4468 quod
506 4399 611 4468 quum
625 4375 707 4444 mihi
725 4374 760 4444 in
773 4372 973 4466 explicando
987 4393 1050 4440 usu
1063 4370 1195 4443 illarum
