2842 4920
150 372 216 439 esa
403 369 1003 466 nunussianscnsanset.

150 554 291 640 Ἐφύρης
316 556 398 639 ἐβίω.
443 560 570 620 Primam
599 560 651 620 ills
675 579 781 620 vocem
808 580 869 619 non
898 560 1004 640 attigit.
1048 558 1148 635 Quam
1175 561 1255 622 enim

152 645 290 723 Riglerus
306 653 337 705 st
352 644 462 704 Axtius
483 645 509 705 ei
527 645 728 705 coniecturam
746 645 934 717 tribuerunt,
957 645 1063 724 Ilgenii
1074 654 1128 708 est.
1173 645 1256 719 Quid

151 751 200 790 ras
220 730 334 807 exigat,
361 750 424 791 non
447 730 609 790 obscurum
630 730 762 792 videtur.
806 730 949 809 Aeginam
969 731 1048 791 enim
1071 751 1141 791 eum
1163 731 1256 793 Laide

151 825 255 896 petere
272 826 469 876 consueverat
492 816 683 896 Aristippus,
705 825 779 875 teste
800 814 953 876 Athenaeo
974 837 1004 895 p.
1021 819 1094 882 688.
1110 815 1145 876 E.
1166 810 1255 899 Ἀρί-

152 918 279 974 στιππος
293 896 326 961 δὲ
338 894 407 962 κατ’
421 901 486 974 ἔτος
498 899 731 983 συνδιημέρευεν
752 893 833 986 adep*
846 900 880 963 ἒν
892 902 1004 985 Αἰγίνη
1019 908 1083 974 τοῖς
1098 904 1255 965 Ποσειδω-

151 987 238 1059 νίοις.
281 985 343 1045 Neo
371 986 434 1045 solo
461 986 494 1045 id
525 987 744 1064 Neptuniorum
766 995 902 1091 tempore
929 987 1042 1046 factum
1057 1001 1143 1061 esse,
1172 987 1256 1047 idem

151 1069 323 1132 Athenaeus
340 1070 452 1130 indicat
470 1092 501 1151 p.
524 1071 597 1137 544.
617 1073 649 1133 Ι).
673 1069 831 1151 δεέτριβεὸ
860 1065 1083 1153 theotonicum
1096 1068 1133 1132 eoi
1154 1068 1253 1134 πολλὰ

153 1157 187 1220 ἐν
204 1157 316 1239 Αἰγίνη
339 1161 474 1235 τρυφῶν.
517 1156 595 1215 Hinc
614 1157 780 1216 litterarum
801 1156 926 1234 vestigia
945 1157 1084 1237 sequenti
1104 1155 1202 1216 facilis
1225 1160 1256 1217 ss

153 1241 240 1302 offert
256 1240 445 1301 coniectura:
469 1235 592 1324 φεύγων
609 1236 772 1321 εύλιμένων
789 1242 819 1316 ἐξ
833 1236 973 1323 Ἐφύρης
990 1241 1094 1320 ύρίων.

238 1326 403 1405 Descriptis
424 1328 483 1386 ism
503 1349 520 1386 a
542 1326 732 1407 typographo
753 1325 837 1386 hisce
856 1326 1099 1387 adnotationibus
1117 1327 1205 1385 venit
1224 1326 1255 1386 in

151 1431 256 1471 manus
281 1422 400 1471 nostras
419 1432 547 1471 censura
568 1412 747 1472 novissimae
761 1412 900 1472 editionis
917 1413 950 1472 in
971 1413 1078 1472 Diariis
1098 1411 1255 1471 litterariis
1279 1441 1281 1446 ·

150 1497 330 1557 Halensibus
345 1497 398 1556 fot.
418 1503 491 1565 204.
513 1497 544 1556 in
559 1519 617 1576 qus
635 1497 781 1577 quaedam
804 1497 911 1557 similia
933 1497 1044 1558 nostn's
1064 1497 1255 1557 invenimus:

151 1581 189 1641 de
204 1582 328 1641 caeteris
344 1603 400 1642 our
415 1583 640 1657 dissentiamus,
662 1583 804 1661 quonism
817 1604 968 1663 exponere
985 1603 1084 1646 serum
1100 1591 1162 1659 est,
1184 1603 1255 1643 con-

149 1667 310 1729 iioiendnm
325 1668 491 1730 lectoribus
507 1669 716 1751 relinquimus.
