2842 4920
515 339 667 407 mnu.
713 340 918 408 claua
957 294 961 299 ’
1236 312 1294 410 σι’

156 533 200 600 sic
220 530 366 623 intelligi
388 537 560 621 praestat,
592 539 631 600 nt
655 532 888 601 tantummodo
914 531 960 600 nd
986 531 1101 601 futura
1133 542 1275 624 spectet.

155 635 228 704 Alia
259 636 319 723 qui
350 632 522 702 desideret
557 636 845 705 coniunctivorum
880 636 1075 706 huiusmodi
1109 639 1275 729 exempla,
1376 717 1378 722 ¹

156 739 307 807 conferat
322 736 420 811 lliad.
437 763 470 811 o.
486 733 573 808 35⁰.
589 737 659 810 Od.
672 767 712 834 μ.
724 738 812 808 391.

557 897 559 901 ⁴
685 943 746 1018 m

179 1094 246 1165 De
267 1095 535 1190 particulis
561 1095 613 1169 ἂν
640 1106 684 1167 et
708 1097 783 1171 uir
811 1120 910 1167 cum
936 1095 1241 1166 coniunctivo
1293 1122 1295 1132 ·

555 1219 683 1311 apud
703 1217 874 1311 epicos.

255 1353 358 1444 Epici
376 1360 526 1437 vetereS,
553 1376 638 1443 quos
659 1355 726 1423 iam
749 1378 853 1446 supra
875 1354 910 1421 in
933 1351 1100 1428 indicativi
1122 1351 1271 1443 explica·

152 1456 241 1523 tione
263 1457 407 1524 vidimus
424 1456 558 1524 liberius
580 1459 627 1525 uti
646 1460 816 1549 particulis
835 1457 880 1529 dr
903 1465 937 1524 et
959 1457 1037 1538 κέν,
1064 1456 1165 1524 etiam
1187 1477 1270 1522 con-

152 1558 299 1628 iunctivo
316 1584 373 1628 eas
389 1568 545 1627 nontam
563 1570 656 1627 certa
669 1563 799 1629 ratione
815 1560 1035 1643 addiderunt,
1062 1580 1165 1646 quam
1183 1580 1271 1646 quae

151 1665 339 1733 recentiore
363 1686 424 1730 usu
447 1663 591 1731 stabilita
611 1673 671 1738 est.
722 1665 812 1732 Nam
842 1662 909 1731 hae
938 1660 1125 1751 particulae
1153 1683 1269 1748 quum,

152 1774 188 1833 ut
205 1789 310 1858 snpra
331 1766 556 1853 ostendimuS,
583 1767 730 1856 aliquam
753 1766 881 1836 fortuiti
897 1765 1068 1837 notionem
1084 1764 1190 1831 verbo
1205 1764 1270 1829 ad-

152 1868 253 1950 dant,
279 1871 483 1958 ubicumque
499 1871 530 1936 ei
545 1871 670 1938 notioni
685 1871 780 1938 locus
799 1879 905 1951 esset,
931 1867 1078 1935 adiicere
1099 1888 1156 1937 eas
1180 1867 1270 1957 epici

152 1994 218 2039 non
241 1973 447 2045 dubitarunt.
500 1972 564 2040 Est
590 1983 704 2041 antem
731 1972 960 2041 coniunctivus
985 1971 1012 2038 is
1034 1969 1175 2055 modus,
1210 1969 1270 2058 qui

152 2084 269 2144 unna
282 2076 442 2144 facillime
458 2100 534 2144 eam
547 2075 771 2145 adiectionem
787 2076 951 2156 admittat,
968 2080 1014 2152 ,nt
1030 2074 1088 2161 qui
1104 2071 1148 2139 ad
1161 2071 1198 2139 id
1212 2095 1269 2140 re-

151 2178 295 2267 feratur,
323 2179 417 2268 quod
435 2181 643 2271 experientia
665 2179 941 2272 cognoscendum
959 2178 1016 2253 sit:
1041 2176 1078 2244 id
1096 2183 1208 2242 autem
1225 2197 1268 2243 eo

151 2282 224 2373 ipso
240 2285 415 2350 fomuitum
432 2293 491 2352 est.
544 2282 663 2373 ltaque
677 2285 789 2374 primo
806 2284 866 2351 ubi
880 2279 1107 2349 coniunctivus
1129 2301 1195 2370 pro
1213 2279 1269 2345 fu-

151 2393 224 2455 turo
251 2387 382 2478 positus
407 2396 474 2472 est,
502 2386 634 2476 (licebit
655 2388 745 2454 enim
768 2388 813 2455 ita
833 2385 927 2474 loqui
949 2383 1119 2453 brevitatis
1138 2404 1268 2468 caussa,
1403 2418 1410 2426 ·

149 2497 334 2580 postquam
355 2489 588 2574 ostendimus,
607 2492 780 2579 quomodo
804 2488 941 2556 differat
962 2510 983 2553 a
1005 2485 1136 2574 futuro)
1164 2507 1269 2575 saepe

127 2618 131 2637 =
151 2593 301 2662 adiectae
323 2594 534 2661 inveniuntur
560 2594 746 2684 particulae
767 2594 868 2679 istae,
904 2590 993 2661 forte
1018 2587 1101 2678 quid
1120 2585 1270 2655 futurum

151 2719 222 2767 esse
236 2697 437 2765 indicantes:
462 2695 559 2769 lliad.
577 2725 611 2769 α.
628 2693 721 2776 2⁰5„
811 2754 816 2767 ,
859 2754 863 2761 .

251 2845 291 2947 ,ἧς
307 2846 545 2947 ὖπσρσπλέῃσι
560 2843 646 2939 τάχ’
665 2846 711 2923 ἄν
729 2875 819 2955 uera
836 2839 963 2940 trudit
981 2839 1121 2940 ὀλέσσῃ.

150 3003 220 3072 Nos
240 3003 278 3071 id
294 3003 500 3071 diceremus:
529 3001 651 3071 durch
670 3000 794 3070 eeiueu
809 2998 1002 3069 ubermutlr
1016 2997 1090 3066 soll
1105 3017 1148 3064 er
1170 2994 1268 3064 wohl

150 3107 245 3176 noch
267 3108 340 3176 due
357 3105 459 3176 leben
476 3105 666 3175 vertiercu.
719 3109 750 3178 λ.
765 3102 851 3199 433.
938 3161 940 3165 ,
1029 3148 1033 3160 .

252 3256 350 3356 ἧκεν
365 3259 442 3356 ἐμῷ
456 3253 528 3333 aiud
543 3258 648 3356 δουρὶ
664 3255 784 3338 τυπεὶς
800 3253 873 3328 ἄπο
889 3245 1014 3346 θυμόν
1029 3244 1170 3344 ὀλέσσῃ.

149 3352 1264 3506 ummmmmpmpwummn

148 3502 1264 3603 mumuffiampffiummu

149 3617 236 3693 396.
260 3621 290 3691 d.
319 3616 406 3687 692.
433 3645 463 3690 u.
492 3616 580 3691 507.
604 3646 635 3712 p.
658 3616 744 3686 418.
766 3645 797 3707 χ.
822 3612 907 3683 325.
935 3609 1021 3679 350.
1059 3609 1149 3676 Hinc
1170 3607 1267 3674 tenui

149 3723 338 3791 discrimine
370 3745 473 3812 saepe
498 3723 724 3791 coniunctivus
750 3730 784 3788 et
808 3719 976 3810 optativus
996 3715 1197 3804 iunguntur,
1230 3717 1268 3776 ut

149 3826 243 3900 lliad.
262 3852 294 3898 σ.
306 3823 394 3897 307.

737 3967 829 4046 cilici
847 3965 938 4064 μάλ’
955 3968 1069 4066 ἄντην
1242 4058 1249 4074 ι

251 4074 435 4178 στήσομαι
443 4134 457 4169 ,
485 4077 509 4174 ἦ
524 4106 562 4153 ue
578 4077 707 4175 φέρῃσι
722 4078 815 4169 μέγα
830 4077 949 4162 κλέος,
977 4071 1000 4170 ἦ
1019 4087 1058 4144 κέ
1072 4066 1265 4168 φεροίμην,

150 4236 170 4303 i.
187 4260 216 4304 e.
232 4245 358 4305 utrum
372 4234 435 4303 illc
448 4231 557 4325 sorte
577 4230 789 4325 reperiatur
807 4228 969 4310 vincere,
997 4248 1047 4293 un
1070 4244 1142 4316 ego
1158 4218 1267 4314 sorte

150 4340 295 4409 vincere
309 4338 464 4432 possim.
517 4338 573 4406 Ile
593 4336 661 4405 hoc
675 4356 803 4427 genere
817 4332 892 4434 *dixi
912 4331 947 4398 in
967 4328 1045 4397 diss.
1067 4326 1096 4394 1.
1114 4325 1159 4392 de
1173 4323 1266 4416 legg.

201 4460 325 4528 Hunni.
352 4457 418 4530 ΟΡ.
439 4457 497 4526 lv.
1029 4445 1060 4512 F
