2842 4920
527 346 685 408 cmiv.
730 345 880 413 caua
1203 306 1265 412 ιιι

148 539 244 631 quod
266 538 376 629 repeti
402 538 520 627 possit
572 538 694 628 Neque
715 538 803 606 enim
830 536 874 605 ad
898 536 1097 629 praedicata
1117 540 1263 629 pertinet

150 643 216 724 οἷν,
251 640 314 710 sed
339 638 383 708 ad
404 641 513 733 ipsam
534 642 760 710 conditionem
784 665 827 711 ex
853 639 1071 732 quapendet
1088 645 1262 728 sententia,

149 757 186 815 ut
203 745 242 826 ὃς
258 742 318 832 ἄν,
343 737 419 829 ἐοῖν,
447 770 492 824 ως
509 740 564 815 ἄν.
617 745 733 831 Quare
749 746 849 813 etiam
866 767 971 835 quum
985 744 1072 811 haec
1086 767 1152 837 per
1164 756 1263 839 opta

149 852 256 917 tivum
270 847 306 914 in
320 846 494 935 obliquam
517 847 703 916 orationem
716 858 908 930 vertuntur,
934 869 1001 916 non
1019 855 1134 937 potest
1151 849 1263 919 iterari

150 952 207 1025 οἷν.
262 948 335 1019 Sed
349 959 400 1018 est
415 957 547 1036 tamen,
572 952 634 1019 nisi
623 952 767 1038 fallor,
793 951 961 1042 quaedam
977 949 1151 1042 singularis
1165 955 1262 1044 ratic,

151 1078 218 1146 qua
240 1053 347 1122 videri
376 1062 490 1144 potest
511 1054 612 1122 etiam
635 1077 713 1123 cum
743 1055 954 1125 coniunctivo
982 1056 1164 1146 repetitum
1190 1081 1263 1127 esse

151 1158 197 1231 οἶν
205 1214 218 1247 ,
248 1158 310 1226 etsi
326 1180 363 1224 re
379 1180 460 1225 vera
475 1179 545 1225 nou
563 1165 614 1226 est
635 1159 824 1252 repetitum.
876 1158 982 1252 Apud
999 1159 1264 1253 Aristophanem

150 1263 184 1330 in
197 1261 266 1352 Eq
295 1259 408 1329 11⁰7.
425 1261 587 1352 scriptum
604 1270 673 1353 est,

256 1438 415 1486 αννσατο
429 1413 494 1487 νῦν
502 1470 516 1504 ,
544 1412 567 1488 ὅ
580 1443 619 1488 τι
635 1442 703 1512 περ
719 1410 912 1512 ποιήσεθ’·
938 1413 982 1498 οἷς
998 1411 1066 1508 a'yc'
1075 1471 1089 1506 ,

256 1510 434 1640 ὀπρτιρος
448 1515 494 1591 οἶν
509 1518 610 1642 epeia
626 1514 666 1592 εὖ
680 1546 729 1611 με
745 1516 927 1611 μᾶλλον
902 1547 948 1591 αν
968 1518 1073 1615 ποιῇ,

258 1612 378 1715 τούτῳ
392 1615 594 1715 παραδώσω
613 1623 675 1717 τῆς
695 1648 826 1703 παννος
840 1649 906 1702 τας
920 1619 1030 1719 ηνίας.

152 1771 286 1842 Omittit
300 1772 423 1843 Suidas
438 1773 598 1844 duobus
588 1797 623 1842 m
644 1774 729 1843 locis
747 1775 840 1868 prius
858 1803 904 1849 αν
910 1831 924 1865 ,
948 1773 1043 1865 quod
1066 1773 1172 1842 omitti
1194 1797 1264 1843 uon

152 1883 275 1968 potest.
328 1874 511 1970 Corrigere
533 1878 732 1947 studuerunt
750 1902 885 1948 versum
910 1878 1090 1947 Elmsleius
1112 1879 1147 1946 in
1172 1877 1265 1947 Mus,
1296 1966 1299 1970 Ἢ

152 1979 233 2049 crit.
248 1977 308 2046 ΠΙ.
325 2002 361 2072 p.
384 1978 470 2049 362.
498 1981 670 2074 Reisigius
687 1980 846 2057 Ι(λοιιίοοι.
863 1983 890 2054 1.
913 2006 950 2076 p.
965 1980 1052 2051 188.
1105 1982 1265 2051 Neutrius

153 2084 345 2151 coniectum
373 2084 454 2152 mihi
486 2087 563 2155 satis
592 2084 779 2178 probabilis
807 2085 950 2159 videtur.
1006 2083 1082 2155 Sed
1113 2085 1265 2154 scriben-

152 2186 235 2255 dum
247 2195 355 2279 pute,

256 2331 434 2436 ὁπότερος
450 2338 496 2443 οἷν
513 2342 616 2437 σφῶν
629 2337 671 2416 οὖ
684 2368 732 2435 μο
742 2342 884 2435 μᾶλλον
899 2338 954 2415 ὀἷν
972 2338 1071 2438 ποιῇ.

152 2496 173 2567 ἱ.
195 2517 226 2563 ο.
242 2487 417 2588 ὁπότερος
432 2490 495 2577 ἄν,
523 2492 608 2567 dciv
623 2492 731 2590 ποιῇ,
759 2494 900 2587 μᾶλλον
917 2489 959 2568 εὖ
978 2492 1069 2588 ποιῇ
1080 2519 1139 2584 με.
1189 2491 1264 2559 Eo-

153 2596 232 2666 dem
249 2619 388 2687 prorsus
403 2596 506 2664 modo
527 2596 752 2688 Thucydides
772 2598 847 2670 vll.
864 2595 900 2664 Ί.
919 2597 1086 2691 πρέσβεις
1098 2621 1140 2667 τι
1162 2593 1268 2667 ἄλλοι

153 2729 226 2774 των
249 2699 487 2795 Συρακοσίων
518 2700 578 2773 ναὶ
605 2699 872 2796 Κορινθίαν’
852 2727 887 2782 ος
915 2696 1179 2828 Λρινιδαίμονα
1205 2695 1267 2771 ναὶ

156 2797 350 2928 Κόρινθον
352 2796 653 2931 α’πισταλρσαν,
687 2802 783 2886 ὅπως
805 2830 963 2899 στρατια
993 2805 1050 2877 ἔτι
1073 2800 1268 2926 ποραιοιθῇ

153 2898 310 2999 τρόπον
297 2901 326 2975 οἷ
340 2931 386 2977 αν
410 2911 448 2978 ἐν
464 2903 653 2978 ὀλιιασιν
629 2934 649 3002 η
669 2906 847 2987 πλοιοις
825 2935 846 3003 η
866 2903 1016 2988 ἄλλως”
994 2932 1095 2985 οπως·
1088 2902 1158 2976 «ἄν
1174 2928 1266 3001 προ-

153 3009 262 3104 χωρῇ.
296 3009 385 3076 Nam
397 3007 453 3076 hic
474 3031 611 3099 quoque
630 3008 757 3076 nihil
726 3032 790 3078 msl
779 3009 946 3077 verbum
964 3006 1189 3100 repetendum
1205 3015 1265 3074 est.

151 3111 324 3181 Audacius
351 3110 442 3180 hunc
467 3113 581 3179 locum
607 3120 772 3180 tentatum
790 3110 933 3179 arbitror
951 3135 973 3179 a
1003 3108 1191 3180 Schaeferc
1220 3107 1267 3175 ad

151 3214 331 3285 Demosth.
345 3215 372 3284 1.
387 3240 422 3308 p.
437 3211 524 3284 815.
552 3215 624 3285 Sed
638 3216 757 3283 vitium
775 3216 939 3306 repetitae
962 3238 1039 3283 cum
1054 3210 1266 3282 coniunctivc

152 3319 340 3410 particulae
355 3320 568 3387 eximendum
583 3326 634 3388 est
647 3319 799 3388 Maximo
814 3342 845 3389 v.
863 3315 949 3388 598.
964 3319 1023 3388 ubi
1035 3316 1176 3409 legitur·

257 3471 303 3554 cic
320 3470 432 3546 δὲκαὶ
448 3474 663 3598 εἰαρινοῖσιν
680 3477 719 3548 ἑν
734 3467 882 3564 ἰχθύσιν
898 3462 1191 3602 αἰθροπρλονσης

258 3568 432 3700 ορίαροῖορ
442 3568 555 3674 μήνης
567 3569 730 3668 μόλις
688 3603 807 3650 οισεαι
823 3573 907 3649 ὅττι
920 3604 979 3650 ιιαι
996 3574 1117 3672 φοῖρος

258 3680 307 3758 εἰς
322 3671 493 3770 παλάμας
506 3706 566 3751 ιιεν
580 3684 666 3753 ἕλοι

153 3829 334 3901 Aberravit
347 3832 391 3900 ab
414 3839 506 3899 recta
525 3832 579 3899 via
598 3831 779 3901 Dorviliius
795 3832 840 3899 ad
864 3829 965 3901 Char.
989 3854 1024 3922 p.
1042 3826 1126 3897 749.
1154 3823 1264 3918 (658.

155 3935 209 4005 ed
228 3934 345 4027 lips.)
398 3934 519 4006 Scribe
532 3932 617 4008 ὄττι
630 3962 669 4010 ιιι
685 3927 805 4034 φωρός
822 3937 872 4014 οἱς
885 3924 1054 4026 παλάμας
1069 3932 1169 4027 ἔλθῃ.
