2842 4920
218 341 261 403 80
308 386 311 390 .
561 336 615 394 DE
654 334 936 396 Plaxrcvoa
962 329 1009 399 riv

223 538 429 615 eventurum,
457 550 524 594 non
538 524 710 595 habebant
726 528 827 594 alium
843 527 937 594 verbi
955 526 1104 612 modum,
1131 547 1199 614 qno
1213 524 1333 594 <futura
1368 604 1371 609 J

221 633 421 717 indicarent,
448 654 549 719 quam
559 630 650 697 hune
664 631 775 721 ipsum
788 630 929 698 modum
943 629 1208 697 deliberativum.
1260 629 1332 697 lta-

223 759 290 826 que
312 759 353 803 eo
375 745 450 802 sunt
471 735 540 820 usi,
567 733 676 801 donee
702 734 816 801 futuro
837 735 988 817 invento,
1014 733 1073 801 ubi
1096 732 1179 821 quid
1199 731 1332 823 simpli-

223 841 305 908 citer
323 839 472 908 futurum
488 837 599 904 dicere
622 838 762 923 vellent,
790 836 891 904 futuri
907 837 1051 904 formam
1069 857 1232 927 usurpare
1248 857 1331 903 eoe-

221 951 363 1034 perunt‚
401 941 646 1008 coniunctivum
676 950 788 1008 autem
818 941 866 1007 ibi
890 949 1020 1006 tantum
1048 947 1238 1026 servarunt,
1271 938 1332 1005 ubi

222 1047 333 1133 aliqua
354 1044 550 1111 deliberatio
567 1044 681 1110 locum
697 1043 824 1111 habere
846 1043 1024 1111 videretur.
1076 1042 1131 1109 Ea
1149 1063 1230 1109 vero
1250 1041 1332 1139 illue

221 1149 327 1237 redit,
353 1158 391 1214 ut
406 1169 470 1237 per
495 1145 741 1215 coniunctivum
758 1147 948 1214 coniectura
961 1147 1073 1233 aliqua
1089 1144 1133 1212 de
1150 1167 1210 1232 eo,
1237 1143 1333 1232 quod

155 1334 158 1339 ,
222 1252 344 1320 debeat
363 1251 454 1334 lieri,
480 1249 655 1318 indicetur.
706 1249 805 1317 Vnde
822 1249 895 1317 fere
921 1248 1124 1317 Germanice
1141 1249 1204 1315 ista
1223 1248 1331 1315 verbo

221 1356 337 1423 sollers
353 1354 432 1420 licet
452 1354 649 1443 exprimere.
703 1351 899 1422 Cuiusmodi
916 1353 1000 1421 nihil
1015 1354 1100 1422 inest
1117 1353 1152 1419 in
1174 1351 1251 1444 ipso
1272 1351 1331 1419 fu-

220 1465 306 1527 turo.
358 1457 410 1524 lta
425 1456 519 1523 Iliad.
536 1484 569 1527 α.
587 1453 672 1525 262.

324 1590 368 1666 οὐ
395 1589 544 1688 γάρτοι
571 1591 694 1674 τοίους
720 1595 799 1668 ider
826 1588 955 1688 οἷυέρας
982 1586 1067 1665 οὐδὲ
1093 1593 1237 1684 ἴδωμαι.

221 1731 259 1800 Si
274 1727 418 1826 ὄψομαι
434 1730 588 1820 dixisset,
614 1753 687 1798 rem
704 1742 830 1799 certam
844 1755 915 1799 esse
929 1729 1118 1816 indicasset,
1143 1752 1215 1797 ποπ
1229 1727 1331 1796 vide-

221 1834 289 1916 do,·
315 1835 342 1902 si
367 1832 526 1929 ι’δοίμηυ,
552 1832 759 1923 prodidisset
783 1834 975 1924 opinionem
988 1856 1101 1921 suam,
1132 1855 1221 1918 non,
1252 1831 1331 1925 opi-

220 1960 307 2025 nor,
333 1935 489 2003 videam.
541 1936 640 2003 Nune
666 1937 875 2004 coniunctivo
900 1959 997 2021 usus,
1023 1961 1091 2004 non
1115 1959 1188 2004 esse
1207 1935 1330 2027 signifi·

113 2075 116 2083 ·
222 2049 294 2127 cat,
326 2047 363 2106 ut
386 2040 514 2105 visurus
534 2038 590 2122 sit,
624 2038 644 2107 i.
668 2064 697 2106 e.
720 2063 791 2107 non
815 2038 929 2108 debeo
947 2040 1090 2125 videre,
1124 2040 1193 2106 sive
1214 2037 1331 2123 mavis,

220 2165 293 2211 non
317 2141 489 2234 reperiar
515 2140 651 2238 videre
701 2143 772 2208 Nos
794 2142 829 2208 id
852 2142 1106 2209 accommodate
1130 2141 1175 2206 ad
1197 2140 1333 2208 Graeca

221 2245 380 2330 dicem,
395 2243 489 2310 noch
500 2242 570 2311 soll
580 2242 639 2310 ioh
650 2241 837 2312 aieaehen:
863 2267 931 2332 quo
942 2245 1178 2337 significamus,
1192 2266 1259 2309 non
1269 2266 1332 2310 ex-

81 2345 93 2461 ¹.
220 2345 443 2441 spectandum
452 2345 489 2413 id
503 2369 585 2414 esse.
612 2345 705 2416 lliad.
713 2355 739 2432 ζ.
754 2343 840 2415 459.
859 2345 962 2440 (oto.
977 2375 1006 2445 η.
1025 2344 1206 2431 8Ί.0(1.ζ.
1225 2340 1330 2438 2Ί5.)

321 2482 383 2555 ιιαί
408 2484 501 2557 ποτέ
524 2510 579 2564 τις
601 2485 730 2581 εἴπῃσι.

220 2622 299 2689 non
329 2620 426 2689 ercet
451 2621 603 2713 arsque,
636 2645 747 2711 neque
770 2606 888 2691 arear
904 2622 1049 2715 opnor,
1075 2630 1113 2688 ιιι
1134 2621 1160 2688 si
1180 2624 1257 2715 τρο
1275 2621 1331 2688 ver

221 2725 318 2794 εἴποι
346 2723 499 2805 dixisset,
527 2725 605 2807 sed,
633 2726 921 2818 exspectandum
942 2734 1015 2809 eat,
1042 2734 1083 2794 ot
1107 2723 1330 2815 quisdicat:

96 2832 100 2840 ’
221 2826 274 2894 dn
289 2826 361 2895 soll
372 2827 468 2894 wohl
484 2827 583 2895 einer
596 2850 728 2920 engen.
782 2827 907 2919 Odyss.
922 2856 958 2900 π.
974 2827 1061 2896 43Ἱ.

323 2960 387 3037 oria
404 2960 488 3038 ἔσθ’
504 2961 611 3048 οὗτος
628 2961 735 3066 αὐήρ,
763 2961 844 3039 οὐδ’
860 2966 1019 3053 ἔσσεται,
1048 2959 1133 3036 οὐδὲ
1147 2964 1302 3060 γένηται.

223 3097 307 3168 Νοπ
330 3110 404 3189 est,
431 3126 546 3194 neque
569 3103 658 3188 erit,
683 3126 799 3195 neque
808 3100 933 3194 suinae
949 3102 1186 3194 ⁸reperiatnrr
1218 3121 1257 3167 οο
1281 3099 1329 3168 iat

130 3226 133 3237 ·
191 3199 360 3290 deinter,
396 3207 491 3275 noch
510 3209 608 3276 ποινά
629 3207 730 3275 einer
756 3228 863 3297 ευριπ,
900 3207 995 3274 neele
1015 3207 1087 3273 soll
1109 3203 1206 3272 roohl
1229 3202 1330 3271 einer

218 3330 387 3399 gemesen
403 3332 501 3400 sepo.
553 3311 643 3377 Nam
656 3311 682 3376 si
702 3309 897 3399 explicatius
912 3310 980 3374 vim
994 3308 1195 3376 coniunctivi
1212 3304 1329 3373 decla-

219 3411 286 3476 rari
306 3412 417 3494 voles,
443 3411 529 3478 haee
556 3413 639 3498 erit,
663 3432 731 3478 non
753 3434 826 3478 esse
849 3411 1130 3502 exspectandum,
1164 3419 1202 3477 ut
1226 3409 1329 3478 fuisse

106 3510 108 3515 ’
165 3506 169 3515 ’
219 3513 365 3601 aliquem
384 3514 541 3604 reperias.
593 3514 735 3581 Videtur
755 3522 867 3580 autem
884 3514 953 3582 hoc
970 3514 1108 3603 quidem
1124 3514 1159 3581 in
1172 3512 1250 3580 loeo
1265 3512 1327 3604 γε’-

219 3643 325 3713 υηται
345 3618 391 3685 sie
410 3617 536 3683 dietum
549 3639 639 3702 esse,
665 3628 703 3684 ut
721 3618 895 3709 propriam
919 3618 1031 3686 aoristi
1050 3616 1329 3709 significationem
1386 3681 1393 3691 ,

218 3717 353 3787 habeat.
406 3719 478 3788 Sed
491 3720 524 3787 in
538 3719 590 3788 his
606 3719 674 3792 od.
692 3729 718 3806 ζ.
734 3719 818 3787 201.

322 3853 386 3929 ουίι
402 3853 487 3930 ἔσθ’
505 3853 611 3936 οὗτος
626 3850 717 3951 οἱιήρ
735 3849 852 3948 διιρός
867 3848 1010 3949 βροτός,
1040 3851 1123 3928 οὐδὲ
1138 3856 1296 3950 γένηται,

323 3957 360 4039 ὅς
375 3987 434 4032 uro
452 3954 620 4053 Φαιήκων
636 3956 778 4057 οέυδρῶυ
794 3965 828 4041 ἐς
843 3965 950 4051 γαῖαν
968 3965 1089 4055 ἵκηται

321 4063 495 4161 δηϊοτῆτα
511 4063 629 4158 φέρου
636 4118 650 4151 ,

218 4211 253 4270 et
265 4230 305 4297 μ.
320 4199 405 4269 191.

266 4358 270 4376 1
319 4340 422 4433 ἴδμεν
440 4332 498 4425 δ’,
526 4333 617 4409 ὅσσα
633 4336 781 4433 γένηται
799 4335 856 4409 ἐπὶ
872 4335 980 4426 χθοιὶ
994 4334 1277 4432 πουλυβοτείρῃ,
