2842 4920
533 363 619 425 ΗΒ.
644 365 685 426 11.
726 365 826 428 CAP·
847 372 879 433 dt
1200 374 1263 439 lll

151 554 292 625 defendi
306 561 431 645 potest,
451 562 565 622 tamen
581 576 652 623 non
667 557 896 647 praetulerint
949 559 1055 644 Quod
1068 562 1196 634 editum
1212 577 1264 637 est

152 666 215 738 ἕως
240 656 306 745 οἷν,
333 667 443 726 metro
465 667 656 750 repugnat,
681 683 745 729 nec
768 661 912 752 prodest
931 665 1132 755 sententiae,
1157 671 1262 761 siqui-

151 764 233 830 dem
252 763 321 828 iam
338 761 432 828 facto
449 763 708 852 comprobatum
728 774 779 832 est
802 765 884 832 illud
899 767 1090 856 oraculum,
1119 773 1262 846 florenta

150 866 273 958 populi
288 865 430 932 studiis
420 873 484 931 rsto
498 865 735 957 Paphlagoue
785 867 978 960 Sophocles
992 871 1120 947 Trach.
1137 874 1223 950 lat.

253 1013 339 1090 ἀλλ’
356 1015 501 1111 ηδοναΐς
515 1013 687 1109 α’μογθον
702 1017 834 1114 ἐξαίρει
845 1019 930 1114 βίον

254 1124 289 1200 ἐς
302 1116 437 1209 τοῦθ,
458 1125 522 1200 ἕως
535 1147 592 1201 τις
605 1116 690 1193 α’ντὶ
707 1125 896 1215 παρθένου
914 1117 1005 1220 γυνῇ

252 1223 387 1320 νίηθῇ,
413 1217 562 1318 λίθοι’
524 1251 547 1294 τ
578 1227 617 1296 ἐν
631 1251 732 1298 rum
724 1225 952 1322 Ιφροντίδων
964 1230 1077 1335 μορυς
1078 1284 1096 1324 ,

253 1324 340 1423 ἦτον
353 1351 444 1422 προς
456 1319 628 1421 α’νδρδς
604 1354 626 1423 η
645 1329 778 1402 τίννονν
793 1333 1015 1431 φοβουμένη.

150 1480 263 1549 Multo
286 1479 395 1571 magis
415 1487 529 1548 autem
549 1489 630 1573 apta
653 1491 706 1550 est
726 1481 814 1551 haec
833 1483 936 1575 ratio,
961 1484 1020 1554 ubi
1038 1485 1084 1555 de
1102 1511 1141 1557 re
1157 1513 1261 1582 prae-

152 1594 264 1671 sente,
289 1582 438 1673 ideoque
451 1591 561 1671 certa,
581 1608 692 1653 sermo
710 1596 770 1654 est
822 1586 993 1657 Homerus
996 1588 1160 1688 Iliada
1172 1592 1234 1669 46.

567 1736 644 1811 ἐπεὶ
659 1737 705 1812 οὔ
719 1737 765 1833 μ’
778 1741 835 1815 ἔτι
848 1733 1019 1832 δεύτερον
1033 1739 1104 1818 uda

253 1832 384 1920 ἵξετ’
357 1863 445 1928 αχος
461 1838 632 1938 νραδί,ην
659 1841 760 1941 ὄφρα
776 1837 900 1933 coiacus
912 1842 1057 1937 μοτοίον.

151 1974 342 2067 Sophocles
360 1975 544 2048 Electrar.
560 1975 648 2052 223

252 2107 335 2236 ἀλλ”
350 2115 388 2186 ἐν
404 2106 476 2237 γαρ
489 2115 619 2198 δεινοῖς
634 2110 680 2189 ου
695 2109 812 2215 σχῇσω
935 2218 939 2227 ἢ

249 2242 388 2297 ταυτας
401 2243 509 2303 ατας,

251 2315 351 2414 ὄφρα
367 2345 417 2412 μυ
428 2317 508 2414 βίος
523 2321 595 2417 ἔχῃ.

152 2452 331 2546 Euripides
348 2454 471 2525 Oreste
486 2481 518 2532 v.
535 2457 621 2528 237.
649 2455 755 2548 (231
769 2455 882 2547 Pars.)

252 2608 362 2683 ἄκουε
376 2603 479 2706 δῇ
433 2638 515 2700 νυν,
542 2606 573 2683 ui
591 2607 805 2732 κασίγνητον
818 2601 934 2735 νίρα,

253 2717 316 2793 ἕως
330 2709 462 2787 ἑωοίσ’
478 2710 520 2788 ad
530 2720 680 2812 φρονεῖν
697 2705 890 2812 Ερνννυες

153 2865 367 2955 Quamquam
378 2865 435 2935 hic
449 2867 587 2958 quidem
605 2869 706 2937 etiam
718 2868 915 2936 indicativus
931 2890 1004 2937 esse
1016 2875 1139 2959 potest
1167 2867 1262 2939 Cou-

152 2977 202 3037 tra
218 2970 299 3038 vide
314 2970 399 3038 illud
414 2970 572 3065 inSoph.
596 2969 685 3041 Oed.
700 2973 803 3064 Rege
818 2969 905 3038 834.

253 3150 342 3244 ημιν
356 3123 448 3217 μον
475 3120 587 3247 ωνφξ,
613 3118 725 3197 ταῦτ
738 3114 878 3218 ουνῇρ·
906 3114 1061 3200 ἔωςδ’
1035 3143 1082 3191 αν
1099 3142 1166 3190 ουν

253 3220 426 3322 rodcausi
441 3220 622 3323 παρόντος
638 3220 867 3322 ἐνμίθης,”
845 3251 885 3314 εγ
891 3219 1052 3297 ’.ἐλπίδα

151 3379 318 3448 incertum
336 3388 386 3447 est
406 3380 514 3466 enim,
539 3402 584 3448 arr
605 3380 647 3449 sit
667 3377 838 3447 auditurus
857 3379 925 3446 dle.
978 3376 1050 3447 Sed
1070 3395 1171 3443 nemo
1194 3396 1262 3443 nun

151 3482 259 3568 videt,
299 3485 360 3551 etsi
384 3484 546 3551 omittitur
570 3482 616 3557 οἳν
647 3485 681 3552 in
703 3505 742 3551 re
769 3490 863 3550 certa
888 3477 1117 3574 designanda,
1148 3487 1262 3546 tamen

151 3587 256 3654 multa
273 3609 346 3655 esse
359 3587 406 3654 ita
421 3595 634 3679 comparata,
659 3596 697 3654 ut
713 3609 781 3654 non
796 3586 860 3653 sint
876 3585 1069 3658 necessario
1082 3604 1149 3674 pro·
1163 3582 1260 3649 certis

151 3689 204 3756 vel
219 3691 355 3760 incertis
373 3688 559 3763 afferenda.
593 3690 712 3779 ltaque
728 3711 797 3757 non
810 3689 932 3757 mirum
945 3696 1012 3774 est,
1038 3687 1066 3755 si
1080 3682 1261 3772 aliquando

152 3792 251 3859 etiam
274 3793 401 3863 in'certa
422 3802 460 3861 ut
483 3802 594 3879 certa,
619 3816 722 3884 saepe
742 3802 856 3860 autem
876 3800 968 3859 certa
981 3799 1019 3858 ut
1039 3791 1164 3857 incerta
1177 3808 1257 3878 pro-

151 3894 313 3964 feruntur.
350 3897 470 3966 Prouti
487 3896 576 3965 enim
591 3896 800 3982 consideres,
825 3894 913 3962 hanc
927 3894 982 3961 vel
996 3893 1095 3961 aliam
1113 3890 1261 3984 speciem

151 3995 335 4070 habebunt.
384 4000 437 4068 lta
466 3999 561 4090 qued
583 4020 625 4066 ex
645 3999 783 4066 Electra
807 3996 989 4089 Sophoclis
1008 3996 1192 4080 attulimus,
1227 3995 1261 4063 in

153 4102 272 4171 eadem
286 4103 404 4171 fabula
418 4126 449 4172 v.
467 4101 553 4174 103
571 4124 649 4169 cum
664 4099 867 4195 particula
841 4127 888 4173 αν
902 4099 1105 4170 dictumest:
1266 4119 1267 4123 ’

253 4250 336 4329 αλλ’
355 4252 399 4329 οὔ
399 4255 480 4379 'pedu
496 4249 541 4352 δη
553 4247 643 4348 λῇξον
659 4247 806 4351 θρήνων

256 4359 435 4456 στυγεροῖν
461 4385 503 4433 τυ
527 4352 640 4452 γόων,
