2842 4920
149 377 194 440 ιο
253 351 257 362 '
489 370 547 431 on
584 365 860 432 rrnrrcvnr
882 360 929 432 οι
999 362 1003 369 ’

152 559 309 656 ἑκατερηι
337 555 503 656 ζημίας’
484 586 523 632 οκ
550 555 621 630 rori
642 550 760 649 νόμον
790 550 968 630 θανσίτοα.
1019 553 1269 624 Demosthenes

151 663 288 736 iuMid
301 686 337 785 p.
354 657 443 746 554,
460 661 496 735 1.
523 655 644 755 ἕγωδ’
662 657 710 733 αὖ
734 657 951 734 τούναντίον
973 655 1098 751 οἶμαι,
1125 664 1159 730 εί
1180 659 1268 778 τοῦ·

152 793 220 840 τον
239 761 384 862 ἀφῆκα,
410 765 616 839 λελοιπέναι
644 763 735 856 μεν,
763 792 789 835 ω
778 760 934 888 ἄνδρες
954 759 1174 860 Αθηναῖοι,
1201 755 1271 856 την

153 894 222 987 τοο
208 867 382 942 δικαίου
398 860 526 956 τσίξικ,
553 860 670 966 φόνου
690 863 765 938 δ’
740 895 786 939 αν
794 860 956 988 εἰκότως
967 869 1114 959 ίμαατῳ
1100 862 1269 961 λαχεῖν·

157 967 201 1045 οὐ
218 998 288 1065 γαρ
306 966 351 1068 ἦν
366 997 433 1064 μοι
455 963 570 1066 δήπου
586 963 723 1062 stronde
738 968 852 1042 τοῦτο
868 961 1075 1063 ποιήσαντι
1107 966 1175 1034 Vbi
1188 989 1271 1035 vero

156 1096 227 1143 non
251 1074 295 1142 de
315 1096 379 1163 eo,
413 1072 506 1163 quod
531 1095 569 1140 re
586 1095 666 1138 vera
686 1072 750 1139 fuit
777 1080 923 1139 autnon
943 1071 1023 1153 fuit,
1066 1069 1127 1137 sed
1151 1068 1196 1138 de
1217 1091 1271 1155 eo,

159 1177 253 1266 quod
272 1185 369 1261 esset,
396 1177 423 1244 si
448 1174 531 1266 quid
551 1173 642 1242 aliud
659 1185 761 1260 esset,
789 1197 900 1242 sermo
915 1183 977 1259 est,
1003 1174 1191 1242 necessario
1208 1172 1272 1240 de-

35 1344 38 1350 .
157 1281 217 1348 bet
239 1279 284 1352 σ’ίν
300 1278 481 1347 accedere:
506 1285 544 1345 ut
565 1277 659 1370 apud
682 1277 841 1346 eumdem
860 1278 886 1345 l.
901 1277 936 1343 in
959 1276 1083 1367 Steph.
1100 1299 1138 1368 p.
1159 1275 1273 1363 llos,

68 1409 84 1429 ν
158 1382 196 1450 t.
224 1378 305 1455 οὐδ’
322 1380 368 1454 σίν
387 1381 437 1462 εἷς
461 1382 516 1455 ἔτι
533 1374 649 1475 δήπου
671 1375 778 1453 τοῦτ’
801 1373 1071 1475 ἐμαρτύρησεν,
1100 1381 1134 1451 εἰ
1151 1373 1274 1476 μήτις

158 1484 219 1558 καί
241 1484 362 1581 παρῆν
384 1483 629 1578 διατιθεμένῳ
653 1482 706 1580 τῷ
724 1481 836 1581 πατρί
854 1482 907 1578 τῷ
931 1482 1025 1577 ἐμῷ,
1059 1478 1141 1554 αλλ’
1164 1476 1274 1562 οὐθείς

158 1586 206 1660 σίν
221 1583 318 1660 εἶσι·
346 1581 442 1659 τίδ’
461 1583 563 1683 ἡμεῖς
584 1587 711 1677 ἴσμεν,
738 1588 775 1658 εί
791 1589 885 1666 τινές
905 1587 974 1658 είσι
990 1583 1167 1680 διαθῆκαι
1186 1590 1273 1657 Ilo-

159 1688 306 1783 or'ovoc‚·
333 1686 545 1782 Oppositum
564 1689 652 1756 enim
672 1689 855 1781 cogitatur:
883 1688 1001 1759 atilli
1021 1696 1106 1758 sunt
1125 1688 1195 1757 hoe
1221 1699 1273 1758 te-

160 1794 269 1864 stati.
312 1794 391 1861 Non
414 1793 465 1860 ita‘
477 1793 513 1858 in
534 1791 597 1858 iltis
613 1791 713 1877 loeis,
738 1792 771 1857 in
788 1792 908 1880 quihus
925 1791 1020 1859 deest
1033 1791 1197 1882 particula
1211 1791 1277 1887 σίν·

61 1904 65 1909 ’
160 1918 306 1987 qnorum
327 1895 362 1962 in
383 1896 476 1963 nullo
494 1901 608 1985 potest
622 1894 824 1961 contrarium
842 1894 983 1985 opponi
1036 1894 1169 1962 Eadem
1189 1897 1275 1963 rutio
1338 1909 1342 1912 ’

56 2066 58 2071 .
161 2008 212 2068 est
227 1998 324 2067 verbi
334 1990 527 2126 δηλονότι.
578 1996 826 2065 Demosthenes
846 1996 891 2065 de
908 1997 993 2064 falsa
1008 1998 1165 2088 legatmp
1188 1996 1275 2086 353,

103 2168 109 2193 s,
161 2101 262 2175 22.
240 2129 260 2173 ο
280 2098 588 2222 τοίνονμέγιοτον
605 2092 795 2170 σῖπσίντσνν
823 2123 928 2221 ογαρ
947 2101 995 2178 εἰς
1010 2126 1078 2192 την
1091 2102 1277 2197 προτέραν

161 2197 305 2300 γρσίψας
320 2193 574 2295 ἐπιστολήν,
550 2227 595 2295 ην
612 2197 849 2294 ἠνέγκαμεν
826 2205 960 2326 ημεῖς,
974 2197 1033 2272 ὅτι
1057 2201 1217 2295 ἔγραφον
1239 2200 1277 2274 δ

161 2304 209 2379 σίν
235 2305 295 2376 καί
322 2296 542 2429 διαρρήδην,
569 2298 718 2398 ηλίκα
694 2329 789 2395 ομας
811 2330 850 2374 ευ
872 2295 1032 2392 ποιήσω,
1060 2305 1095 2373 εἰ
1113 2330 1152 2376 ro
1140 2299 1276 2399 ᾔδειν

162 2405 220 2480 καί
235 2434 303 2505 την
320 2405 532 2534 σημμαχίαν
547 2431 614 2497 μοι
631 2406 884 2534 γενησομένην,
910 2402 1096 2498 γεγονυίας
1109 2406 1173 2502 τῆς
1187 2433 1277 2498 συμ-
1284 2445 1288 2453 =

161 2536 324 2632 μαχιῃσς
312 2505 355 2581 οὐ
364 2508 483 2640 ρησίν
504 2508 638 2580 εἰδέναι
659 2508 698 2581 τί
718 2507 764 2581 σίν
784 2507 899 2580 ποιεῖν
916 2506 1136 2634 χαρίσαιτοη
1151 2505 1278 2583 ου’δὲὸ

164 2607 275 2693 ατί-τος
301 2609 498 2701 ὑπίσχετο·
535 2610 649 2684 τοῦτο
679 2605 749 2705 γσίρ
776 2608 855 2706 ᾔδει
873 2604 1067 2706 δηλονότι,
1098 2614 1198 2707 εἴπερ
1223 2640 1276 2711 μη

164 2708 410 2808 ἐφενάκιζεν
390 2712 494 2805 σμοῖς.
549 2710 694 2806 Nempe
711 2713 834 2801 eoiret,
859 2714 980 2802 inquit,
1006 2712 1078 2782 nisi
1092 2737 1157 2784 voe
1175 2716 1277 2784 ludi-

163 2818 244 2888 brio
267 2814 430 2885 haberet
481 2816 561 2885 Non
584 2826 677 2885 reete
701 2816 844 2885 adderet
870 2817 1081 2908 particulam.
1136 2819 1277 2914 signin-

165 2929 259 2991 earet
284 2919 390 3007 euim,
412 2919 554 2989 nescire
572 2919 678 2993 illum.

225 3278 293 3347 De
317 3275 593 3345 indicativo
613 3274 872 3369 particula
899 3273 954 3346 σίν
980 3275 1220 3362 rhetorice
1306 3353 1308 3359 ,

632 3393 809 3464 omisso.

232 3587 235 3594 ,
268 3529 345 3598 Alia
368 3528 482 3614 τεοῖο,
508 3550 576 3617 qua
595 3531 768 3622 particule.
786 3530 832 3604 σίν
861 3531 1045 3600 omittenda
1065 3543 1133 3622 est,
1166 3535 1281 3616 inille

104 3663 105 3666 ¹
165 3635 279 3726 figura
302 3633 465 3719 cernitur,
492 3656 560 3721 qno
582 3633 677 3723 quod
697 3635 743 3703 oh
770 3636 994 3703 conditionem
1018 3660 1086 3705 nou
1105 3638 1280 3730 impletam

164 3745 302 3806 nonest
321 3738 467 3822 fuctum,
495 3737 566 3804 siue
582 3736 774 3807 conditione
795 3748 833 3807 ut
848 3740 976 3808 iactum
991 3741 1138 3808 sumitur.
1190 3742 1281 3809 Nam

165 3863 271 3930 quum
286 3840 322 3907 in
338 3839 406 3908 hoo
423 3862 551 3932 genere
570 3863 639 3909 nou
656 3842 764 3933 possit
785 3843 986 3911 eontrarium
1007 3845 1203 3935 oppositum
1220 3867 1281 3913 eo-

165 3943 283 4035 gitari,
309 3943 429 4012 abesse
449 3966 589 4012 neeesse
605 3953 656 4013 est
670 3946 890 4036 particulam,
917 3968 1005 4035 quoe
1021 3947 1057 4014 id
1076 3948 1216 4039 eogitari
1228 3948 1280 4015 iu-

60 4099 67 4116 .
164 4047 235 4119 bet.
271 4045 344 4113 Sed
361 4069 404 4114 ex
428 4042 468 4113 ea
491 4046 565 4139 ipsa
580 4071 629 4134 re,
658 4049 752 4137 quod
773 4048 877 4118 debet
898 4049 932 4116 iu
948 4049 1015 4117 hae
1031 4051 1146 4143 figura
1162 4051 1281 4120 abesse

163 4148 353 4242 particulo,
380 4151 611 4242 consequitur,
626 4153 778 4243 *proprie
798 4152 1054 4245 intelligendum
1075 4150 1151 4223 esse
1176 4178 1281 4247 prae-

164 4253 321 4340 teritum,
337 4261 388 4324 ,et
414 4274 481 4319 non
504 4276 604 4343 posse
628 4255 672 4321 de
695 4265 875 4346 praesente
899 4265 957 4323 aut
980 4257 1094 4326 futuro
1126 4267 1282 4350 tempore

166 4356 287 4450 recipi.
330 4356 459 4459 Altaque
482 4377 549 4424 nou
565 4356 740 4447 lieetdiei,
767 4361 804 4433 εἰ
818 4355 949 4456 ἠδίκεις
964 4361 1048 4454 ἐμέ,
1076 4354 1282 4459 ἐτιμωρού-
