2842 4920
502 400 506 409 .
537 356 623 418 [ΑΒ
644 357 701 423 111.
744 357 843 420 ctP.
868 361 899 425 λ
1207 363 1269 427 141

158 548 341 642 Κροῖσον,
368 546 470 627 εἴπας
484 541 602 620 πολλά
616 575 657 620 τε
672 575 730 621 και
723 547 920 641 ὄλβια,’
884 543 1068 672 επηράτα
1083 544 1167 621 τόνοι
1186 544 1267 622 δεά-
1335 594 1337 599 -

156 675 263 743 τερον
286 676 360 741 μετ
398 653 534 721 ἐκεῖνον
555 652 647 728 ἴδοι,
682 654 814 725 δοκέων
839 645 959 746 πάγχυ
983 655 1171 749 δευτερεῖα
1195 680 1268 745 γον

155 754 336 825 οἴσεσθαι
365 751 537 843 Aristoph.
552 752 616 819 Av.
632 752 719 826 127.
735 779 777 823 ss.

204 924 292 994 ΕΠ.
319 919 430 994 ποίοιν
444 916 520 994 τόν
536 916 602 994 οὖν
617 920 779 1014 ἧδιστ’“
753 950 800 997 οιν
815 920 951 997 οἰκοῐτ
966 922 1012 996 άν
1028 916 1157 1007 πόλιν;

309 1119 428 1324 λε’γοι
420 1229 515 1303 ταδί

256 1381 387 1468 Quarta
404 1382 550 1472 denique
568 1382 679 1451 forma
694 1391 762 1472 est,
787 1407 856 1474 qua
872 1384 1010 1476 quidam
1024 1394 1145 1478 putant
1163 1408 1266 1477 repe·

153 1484 398 1661 ρῗίοοοῖορέεολί
413 1509 478 1577 per
493 1487 681 1580 optativum
701 1488 889 1581 designari:
916 1497 954 1556 ut
966 1489 1059 1582 apud
1074 1490 1264 1558 Homerum

206 1618 238 1684 λ’

256 1736 377 1813 ἀλλ”
354 1769 417 1814 οτε
433 1733 479 1837 δη
491 1734 693 1837 πολύμητις
709 1737 888 1826 άναῖξειεν
904 1734 1120 1834 Ὀδυσσεύς,

256 1835 427 1933 στάσκεν,
455 1840 544 1916 όποιι
537 1843 601 1918 ’δε
616 1847 763 1920 ι”δεσκεν

153 2008 186 2066 et
205 1995 291 2066 232.

253 2143 406 2224 πολλάκι
420 2176 488 2274 ριιν
501 2146 673 2235 ξείνισσεν
688 2147 881 2277 ἀρηΐφιλος
902 2147 1092 2230 Μενέλαος
1099 2203 1114 2240 ,

255 2255 339 2351 οἴκῳ
355 2259 392 2327 ἐν
410 2252 597 2353 ημετέρῳ,
625 2249 738 2330 ὁπότε
752 2250 987 2355 Κρήτηθεν“
968 2279 1097 2327 ικοιτο.

1262 2007 1272 2137 ι

152 2424 224 2494 Sed
240 2423 331 2492 illam
349 2425 543 2517 opinionem
564 2426 684 2494 falsam
703 2448 795 2515 esse,
820 2426 887 2492 iam
912 2424 958 2492 ad
979 2424 1095 2515 Vrget.
1112 2447 1149 2515 p.
1171 2422 1259 2493 999.

152 2530 276 2601 πιστοὶ.
309 2529 389 2595 Non
404 2528 492 2596 euim
502 2529 566 2595 alia
579 2530 614 2596 iu
629 2528 697 2596 hoe
712 2551 839 2620 genere
852 2529 901 2594 vis
917 2536 967 2594 est
981 2526 1130 2616 optutivi,
1157 2550 1262 2615 quarn

151 2642 204 2719 ut,
240 2654 344 2720 quum
368 2630 564 2700 indicativus
586 2632 631 2699 ad
657 2641 787 2699 eertum
809 2631 936 2698 factum
958 2636 1108 2720 spectet,
1139 2628 1175 2695 id
1195 2652 1261 2720 per

152 2735 338 2827 optativum
354 2734 516 2802 reddetur
531 2735 710 2821 incertum,
736 2734 782 2802 ita
799 2742 838 2803 ut
853 2731 1094 2824 quodcumque
1113 2732 1157 2800 de
1176 2732 1260 2825 plu-

151 2839 243 2905 ribus
256 2837 351 2905 factis
368 2838 519 2929 cogitare
534 2839 615 2907 velis
629 2839 765 2910 iudicet.
817 2838 908 2904 Nam
923 2837 1080 2926 repetitio
1096 2859 1165 2904 non
1178 2845 1261 2928 pot·
1347 2879 1354 2891 ·

153 2949 202 3008 est
223 2941 293 3008 ulle
311 2940 416 3009 modo
433 2964 499 3032 per
515 2942 702 3031 optativum
719 2941 916 3032 significari,
942 2939 1004 3006 sed
1027 2941 1114 3007 inest
1129 2939 1164 3006 iu
1180 2962 1260 3007 ver-

151 3042 225 3129 bis,
256 3044 378 3133 quibus
399 3043 455 3111 ilie
485 3042 659 3112 adiunctus
687 3051 745 3109 est.
798 3040 896 3110 Vnde
921 3041 994 3107 fere
1016 3041 1071 3107 vel
1094 3037 1169 3127 άεί,
1203 3041 1260 3110 vel

151 3140 320 3226 πολλάκις
335 3146 504 3231 adiicitur,
527 3148 582 3216 vel
603 3146 744 3214 verbum
758 3143 955 3236 primarium
974 3151 1091 3209 natura
1106 3164 1165 3208 sua
1186 3143 1260 3210 fre-
1316 3234 1319 3239 Ι

151 3250 379 3338 quentetivum
396 3260 457 3333 est,
481 3259 519 3318 ut
534 3243 697 3334 στάσκεν,
724 3250 860 3321 ἴδεσκεν
875 3247 909 3314 iu
922 3247 1027 3314 altero
1039 3246 1173 3313 iliorum
1180 3246 1259 3313 Ηο-
1308 3242 1313 3249 ’

150 3354 234 3420 meri
242 3353 406 3439 locorum,
430 3353 795 3442 innumerabilibusque
811 3351 904 3443 apud
914 3349 1126 3417 Herodotum
1142 3371 1259 3417 exem-

150 3456 232 3546 plis,
258 3455 314 3522 vel
329 3455 473 3545 denique
487 3458 586 3524 etiam
601 3456 837 3548 imperfectum
851 3464 986 3544 tempus
1002 3453 1096 3521 verbi
1108 3453 1259 3544 primarii

149 3558 384 3649 repetitionem
405 3559 485 3627 facti
499 3560 655 3630 continet.
707 3560 775 3626 Pro
788 3581 830 3625 eo
850 3579 1008 3648 praesens
1023 3555 1127 3624 habet
1143 3555 1259 3622 Hero-

150 3660 292 3728 dotusl.
310 3659 423 3729 29.
398 3664 633 3734 απιιινεόνται
648 3665 681 3739 ἐς
699 3654 837 3750 Σάρδις
859 3655 1087 3749 άκμαζοάσας
1110 3650 1256 3777 πλούτῳ

151 3761 256 3835 άλλοι
271 3791 313 3836 τε
330 3770 366 3836 οἱ
380 3758 511 3844 πάντες
527 3769 564 3837 ἐκ
586 3765 653 3887 τῆς
666 3759 841 3842 Ελλάδος
858 3758 1045 3855 σοφισταί,
1072 3765 1112 3829 οἳ
1121 3757 1257 3829 τοῦτον

150 3858 216 3936 τόν
237 3859 372 3960 χρόνον
394 3860 593 3958 ετόγχανον
613 3860 753 3953 ἐόντες,
780 3892 825 3945 ως
849 3869 997 3940 εκαστος
1018 3856 1139 3932 αὐτόν
1165 3855 1257 3931 άπι-

150 3966 308 4057 κνεοιτο,
334 3995 395 4041 και
387 3963 474 4065 δή
468 3996 528 4040 και
520 3962 681 4043 Σόλων.
713 3967 804 4051 Quin
818 3989 862 4033 ne
877 3965 1011 4041 omnino
1025 3961 1162 4052 quidem
1183 3985 1258 4030 rem

151 4071 284 4161 saepius
308 4072 434 4140 factem
447 4073 569 4163 respici
585 4094 722 4140 neeesse
739 4077 806 4152 est,
833 4067 894 4137 sed
909 4067 986 4135 satis
1004 4075 1055 4136 est
1073 4066 1200 4134 factum
1220 4075 1258 4135 ut

151 4176 335 4267 cogitatum
352 4175 617 4244 commemorari.
670 4174 728 4285 Sie
741 4172 837 4241 lliad.
852 4191 891 4267 ψ.
911 4169 998 4241 494.

251 4345 314 4419 καὶ
330 4342 368 4421 δ’
381 4343 475 4446 άλλρι
490 4345 721 4440 νεμεσάτον,,
744 4341 821 4426 ὅτις
836 4334 996 4417 τοιαῦτά
1009 4367 1050 4433 γε
1065 4337 1171 4436 ρ’έζοι.
