2842 4920
297 352 348 413 DE
358 348 693 412 lnscffll‘rlontuvs
707 351 933 427 eruvsoon
948 356 1124 421 GRAECIS.
1196 360 1261 425 m

154 542 346 635 Diligenter
367 565 448 611 vero
472 542 677 629 cavendum,
703 567 746 612 ne
769 544 842 634 quis
863 543 1055 614 huiusmodi
1075 548 1153 616 vitia
1171 558 1260 641 poe'-

154 649 195 716 u‘s
215 649 376 739 immuta,
409 669 498 736 quae
522 646 662 736 aequius
691 656 742 716 est
761 649 883 740 culpae
907 649 1056 719 tribuere
1085 652 1261 745 imperito·
1353 693 1355 697 >

154 774 232 819 rum
248 761 283 818 et
299 750 541 843 negligentium
556 749 787 841 lapicidarum.
838 754 917 821 Non
930 763 983 822 est
996 753 1153 844 dubium,
1180 757 1261 846 quin

155 855 214 944 qui
232 852 301 921 hoc
314 854 526 947 epigramma
540 853 621 922 fecit
632 853 742 946 lapidi
757 855 891 924 inscribi
908 857 1070 949 voluerit,

207 1000 433 1096 πεντήκοντα
455 1001 582 1099 γάμων
610 1009 815 1104 πλασαμένη
841 1005 876 1082 δ’
891 1011 985 1083 ivon.
1131 1054 1133 1063 ι

679 1379 736 1452 vl.

257 1548 415 1637 „Atiam
449 1548 660 1618 Romanam
694 1551 997 1645 inscriptionem
1030 1556 1135 1646 inquit
1163 1556 1259 1624 Wei-

155 1655 293 1739 ckerus,
318 1653 555 1746 „Latinisque
577 1655 713 1724 litteris
733 1656 915 1749 scriptam
926 1656 1086 1750 praebet
1100 1657 1259 1728 Βοῦνον·
1377 1681 1380 1685 ·

155 1768 215 1828 tna
246 1781 283 1850 p.
303 1755 390 1824 465.
418 1781 451 1826 n.
478 1757 563 1825 10⁰.
606 1780 701 1850 qaae
732 1759 810 1829 aine
843 1761 921 1829 alla
954 1760 1181 1832 dubitatione
1214 1784 1261 1831 ex

155 1861 322 1932 Fabretti
346 1862 511 1930 versione
536 1861 592 1930 sio
617 1871 672 1932 est
698 1861 918 1933 accidendae

205 2013 365 2112 Εὕρεσιν
392 2006 527 2086 ionico
547 2012 594 2110 γῆ
619 2016 762 2104 κατέχοι
789 2010 972 2089 θανάτοιο
997 2013 1216 2113 λαχοῦσα[ν]

203 2119 346 2217 μητέρα
372 2110 439 2212 τήν
466 2113 643 2190 εὔτεκνον.
680 2115 890 2212 εὐδαίμονος
907 2115 969 2214 [oi]
996 2121 1233 2216 παροδῐται.“

154 2292 224 2359 Tot
245 2312 329 2382 ergo
352 2288 461 2356 modis
487 2288 581 2378 quod
607 2312 749 2381 pravum
775 2299 843 2377 est,
870 2293 940 2361 sine
963 2293 1032 2360 ulia
1051 2291 1257 2361 dubitatione

153 2406 282 2463 rectum
310 2391 376 2460 sit?
409 2388 448 2459 ln
475 2392 587 2482 lapide
613 2402 678 2460 estc
704 2391 1006 2462 EVTECHNOV
1030 2393 1256 2462 EVDEMO-

153 2499 245 2566 NES
267 2493 591 2564 PARHODtTAE.
645 2495 736 2582 „Ad
751 2493 904 2586 salsam
927 2497 1193 2588 correptionem
1218 2496 1256 2565 in

155 2598 393 2690 εὐδαίμονες*
422 2597 467 2664 ait
480 2595 698 2682 Welckerus,
734 2619 834 2681 „non
861 2594 1159 2694 offendendamf‘
1209 2599 1256 2668 At

153 2727 222 2795 quo
241 2704 313 2771 iure
345 2702 461 2770 vitium
493 2700 661 2791 imputare
696 2699 775 2768 licet
806 2701 961 2793 scriptori
992 2701 1254 2794 epigrammatis,

154 2807 247 2898 quod
275 2805 411 2898 gravius
445 2812 496 2872 est
522 2824 624 2892 quam
649 2812 687 2870 ut
712 2803 782 2872 ulio
812 2814 916 2896 pacto
950 2807 1099 2874 excusari
1124 2805 1282 2898 possiti,

152 2911 301 2978 Multum
327 2909 371 2976 ab
401 2906 470 2975 hoc
494 2905 611 2974 differt
635 2906 750 2974 vitium
783 2909 999 2999 prosodicum
1021 2910 1055 2977 in
1081 2910 1255 3001 epigram-

152 3023 260 3093 mate,
304 3011 399 3102 quod
439 3009 638 3078 Welckerus
675 3010 764 3077 infra
805 3033 847 3078 ex
885 3011 1084 3080 Boissonadi
1124 3011 1253 3082 Anecd.

154 3119 275 3186 Graec.
303 3116 348 3188 Τ.
373 3115 400 3187 Ι.
427 3111 567 3207 ρ.144.
594 3112 710 3181 affert:

205 3269 300 3343 οἶσιν
327 3260 508 3346 ἑνιθύνοκς
536 3268 642 3338 οἴακα
664 3261 726 3362 σῆς
750 3264 895 3356 βιοτῆς,

153 3423 247 3514 quod
282 3421 493 3513 epigramma
523 3418 592 3486 hoc
611 3420 704 3511 ‘ipso
738 3419 818 3487 vitio
858 3441 978 3489 aevum
1012 3419 1126 3511 prodit
1157 3417 1252 3501 illud,
1391 3439 1396 3447 ·

153 3549 222 3616 quo
251 3525 385 3593 vocales
410 3521 477 3590 hae
503 3551 548 3610 a,
575 3548 589 3593 ι
597 3577 611 3610 ,
647 3550 669 3595 ο
693 3523 819 3612 ubique
845 3523 1006 3614 ancipites
1032 3522 1150 3590 haberi
1176 3529 1252 3589 sunt

153 3638 304 3720 coeptae.
367 3625 500 3696 Deinde
532 3623 576 3692 ad
603 3621 813 3716 εὐδαίμονος
837 3625 1035 3694 Welckerns
1062 3623 1142 3699 ἐστὲ
1168 3645 1251 3714 sup-

151 3733 237 3825 pleri
262 3731 341 3800 vult.
399 3730 488 3797 Tam
513 3727 659 3797 breviter
685 3727 859 3796 enunciata
890 3728 1042 3820 precatio
1070 3748 1191 3795 vereor
1215 3734 1253 3792 ut

150 3836 259 3928 possit
290 3832 437 3901 defendi.
503 3830 617 3920 Atque
649 3831 819 3921 aliquanto
851 3830 1078 3917 commodius,
1121 3828 1251 3920 opinor,

151 3939 210 4029 qui
244 3938 326 4006 fecit
360 3929 589 4028 epigramma,
624 3933 789 4021 duxisset,
828 3929 1095 4029 εὐδαιμονοίης,
1134 3957 1251 4027 παρο-

152 4045 245 4114 dira.
297 4039 440 4108 Accedit
465 4036 509 4106 ad
535 4037 622 4105 haec
646 4037 781 4105 tertium
802 4036 937 4121 vitium,
972 4034 1066 4124 quod
1090 4035 1250 4103 sermonis

151 4153 233 4231 est,¹
249 4145 388 4240 μητέρα
414 4134 484 4237 τήν
514 4139 691 4213 εὔτεκνον.
751 4140 838 4208 Num
871 4138 897 4207 si
930 4136 1098 4212 εὔτεκνον
1123 4137 1249 4206 rrudonr
1294 4168 1295 4172 ¹

151 4249 221 4316 sine
254 4248 318 4315 alia
349 4253 429 4314 nota
460 4252 664 4336 poneretur,
694 4265 762 4311 non
796 4243 943 4312 debebat
976 4241 1132 4311 articulus
1157 4239 1248 4307 addi.
1279 4316 1282 4321 ³

150 4351 246 4420 Haec
284 4350 342 4440 qui
376 4348 487 4418 omnia
514 4344 751 4441 perpenderit,
786 4369 855 4415 non
887 4369 966 4415 sane
1000 4343 1149 4416 censebit
1173 4343 1248 4434 epi-
