2842 4920
155 376 219 439 &n
283 370 1129 435 uutuscflutlunouuuuuosotvuo
1180 448 1189 455 ‚

260 561 400 656 δοσμοῖν
414 559 581 659 ἄριστος,
609 566 647 635 ἐν
664 562 891 660 Προμηθέως
905 555 1024 655 λόγου.

156 733 310 825 Heynius
338 732 383 799 ad
409 731 658 824 Apollodorum
681 731 781 799 scribi
805 733 942 800 volebat
968 739 1005 807 ἐκ
1032 737 1261 833 Προμηθέως

157 832 284 930 λόγου,
312 837 358 903 ob
375 859 416 903 eo
437 858 525 924 quoe
542 834 734 904 Athenaeus
752 833 954 903 decoribus
974 859 1009 928 p.
1031 833 1119 911 612.
1137 851 1258 912 namot.

158 940 229 1011 Sed
244 947 336 1007 recte
351 940 383 1006 ei
393 938 662 1007 contradixerunt
672 937 1014 1030 Schweighaeuserus
1029 950 1063 1008 et
1077 942 1259 1030 lacobsius,

155 1045 211 1112 hic
235 1041 372 1133 quidem
392 1040 425 1107 iu
446 1042 537 1110 Dior.
562 1043 622 1110 litt.
647 1042 850 1111 Halcnsibus
872 1042 950 1111 loco
972 1067 1076 1136 supra
1091 1044 1258 1114 indicato:

154 1170 234 1216 nam
255 1146 398 1213 viminea
423 1168 546 1214 corona
567 1145 693 1214 Carum
709 1146 850 1238 propria
872 1153 961 1232 crat,
987 1169 1051 1215 uec
1067 1150 1260 1239 pertinebat

155 1250 201 1319 cd
215 1249 467 1335 Prometheum,
487 1260 524 1316 ut
540 1250 614 1340 ipsa
626 1249 682 1316 illa
694 1248 863 1317 Athenaei
876 1250 1020 1318 narratio
1035 1250 1145 1320 docet.
1173 1254 1259 1321 Pot-

156 1361 251 1423 erant
275 1374 356 1420 vero
380 1351 531 1420 eiusdem
554 1353 726 1443 scriptoris
748 1352 848 1420 etiam
871 1352 922 1420 his
945 1354 1056 1421 verbis
1079 1356 1144 1443 uti,
1171 1380 1258 1447 quae

156 1456 410 1547 adscripsimus:
436 1478 513 1523 nom
530 1455 556 1523 si
579 1449 689 1548 λύγου
703 1478 821 1523 verum
835 1465 944 1542 esset,
971 1479 1038 1525 nou
1050 1468 1187 1548 poterat
1201 1460 1258 1528 illc

153 1559 276 1632 καίτοι
294 1559 424 1626 dicere:
451 1559 652 1627 consentiret
672 1559 759 1628 enim
776 1582 890 1627 secum
905 1558 1105 1651 Aeschylus,
1158 1564 1257 1631 Nunc

152 1664 209 1731 ille
231 1662 265 1729 iu
291 1661 447 1754 Sphinge
472 1662 540 1730 hoc
568 1662 680 1730 dicere
700 1662 848 1749 videtur,
883 1662 1089 1732 Prometheo
1119 1675 1258 1735 auctore
1295 1740 1299 1747 ,

153 1767 318 1857 optimum
335 1764 462 1856 hospiti
479 1766 648 1833 vinculum
667 1789 739 1833 esse
761 1788 931 1837 coronam.
985 1765 1122 1838 Scilicet
1140 1771 1257 1860 provi-

154 1868 286 1938 dentiae
304 1877 372 1955 cst,
398 1866 494 1957 qudsi
517 1868 649 1936 viuculo
668 1869 817 1958 quodam
832 1869 895 1936 sibi
913 1868 1083 1961 hospitem
1105 1873 1256 1940 obstrin-

152 1995 247 2066 gere.
300 1971 493 2064 Στίφανος
516 1967 550 2038 in
572 1972 720 2040 versibus
739 1972 802 2040 illis
823 1995 888 2064 pro
912 1972 1075 2040 librorum
1092 1977 1276 2068 scriptura,

153 2077 336 2167 στέφανον
359 2072 454 2141 dedit
481 2073 628 2143 Grotius.
682 2075 818 2166 Heynio
840 2074 899 2164 qui
922 2077 1160 2166 assentiuntur,
1186 2079 1255 2147 mi-

151 2180 251 2246 rabar
272 2174 362 2242 unde
382 2175 548 2242 haberent
567 2172 853 2274 υίιιραιοστοφής,
881 2178 975 2267 quod
997 2182 1114 2272 capitis
1131 2191 1256 2251 sertum

152 2278 374 2371 significaret,
411 2300 476 2369 pro
505 2274 659 2372 α’ρχαῖον
687 2281 838 2374 στέφος,
867 2303 977 2370 usque
1007 2282 1088 2352 dum
1119 2285 1255 2358 fabrum

102 2446 105 2453 .
148 2382 247 2453 huius
274 2380 369 2449 verbi
387 2381 542 2475 cognovi.

252 2517 458 2589 Scholiastcs
477 2519 630 2589 Aristidis
655 2516 897 2589 eFrommelio
918 2520 1026 2590 editus
1047 2546 1085 2614 p.
1102 2522 1190 2592 191.
1209 2519 1255 2598 πο

149 2621 282 2702 δειλίας
301 2628 337 2705 ἐξ
361 2625 523 2705 Αἱανπος
542 2621 613 2695 τοῦ
631 2617 912 2748 μαστιγοφόρου
934 2627 1181 2753 Σοφοκλέους,
1208 2655 1252 2700 σο

147 2724 389 2924 φρσφιίφτνρῆΓ
370 2752 408 2799 εκ
436 2724 664 2818 Σιμωνίδου·
697 2752 756 2796 και
749 2720 1003 2817 Αἰσχυλος
984 2755 1023 2802 εν
1055 2732 1256 2827 Προμηθεῖ

249 2984 394 3060 πολλοῖς
411 2973 483 3077 ydp
500 2983 576 3055 ἐστι
591 2977 751 3076 ιέρδοςή
768 2976 851 3076 cayti
868 2989 1026 3079 βροτοῖς.

146 3136 227 3203 Nou
245 3134 371 3227 legitur
391 3133 449 3203 hic
466 3156 580 3202 versus
595 3135 629 3201 iu
642 3133 774 3201 Vructo,
827 3134 899 3204 Sed
918 3137 953 3204 iu
969 3136 1138 3229 Ignifero,
1166 3137 1251 3207 Gel-

146 3238 192 3306 lio
204 3247 288 3308 teste
304 3236 475 3309 1111118.
506 3236 603 3326 (edd.
621 3245 700 3305 vett.
720 3236 800 3328 17.)
827 3238 907 3307 luit:

251 3390 356 3484 σιμοίν
369 3386 415 3464 θ’
431 3388 525 3463 ὅπου
536 3392 593 3462 δοῖ
604 3387 664 3462 καί
676 3390 791 3482 λέγειν
806 3383 856 3462 ποί
872 3389 1008 3488 καίρια.

34 3610 42 3627 ,
145 3546 261 3614 Altera
281 3545 338 3611 illa
362 3543 525 3612 sententia
547 3541 694 3610 similiter
718 3540 808 3610 dictu
829 3543 962 3614 Carciui
982 3544 1134 3615 versibus
1159 3544 1250 3638 apud

145 3647 330 3717 Stobaeum
346 3656 452 3717 exstet
467 3646 577 3716 Serm.
591 3644 751 3718 XXXlll.
769 3646 803 3713 1.

250 3807 394 3883 πολλοῖς
407 3820 477 3898 Ιγαρ
492 3793 723 3928 ἀνθρώποισι
739 3792 935 3922 φοίρμανον
952 3798 1070 3873 ccxciv

249 3900 349 3999 σιμή·
375 3899 537 3997 μαλιστα
557 3899 628 3977 δ”
611 3901 686 3976 εστὶ
703 3895 889 3998 σοι’φρονος
907 3895 1058 4000 τρόπου.

222 4059 414 4181 Epstothius
431 4058 475 4126 ad
491 4056 587 4129 Iliad.
605 4084 633 4128 ι.
648 4079 684 4147 p
696 4053 784 4145 61111,
798 4053 858 4124 43.
876 4052 981 4146 (457,
999 4055 1077 4148 29)
1096 4055 1249 4150 σχίσμα

145 4189 193 4233 τα
221 4155 290 4256 γοίρ
316 4190 400 4234 τινα
422 4189 482 4233 ναι
511 4167 547 4232 οἱ
568 4153 745 4247 θύσανοι,
775 4155 865 4232 ὅθεν
888 4154 1131 4257 α’ροιθιίσανσι
1155 4153 1250 4232 παπαί

95 4262 371 4337 θθΠαοσανίαν
388 4262 519 4360 ’Ἁροος
545 4255 722 4344 θύσανοι,
749 4259 827 4336 οἶον
850 4258 1131 4357 οίποσχίσματοι,
1158 4257 1249 4356 παρ’

145 4361 348 4462 Αίσχιίλφ’
333 4393 372 4441 ον
393 4370 593 4464 Προμηθεῖ
605 4365 778 4459 λυομένῳ.
809 4365 869 4434 Bis
892 4364 981 4434 hanc
1003 4388 1124 4435 vocem
1146 4366 1250 4434 habet
