2842 4920
450 338 535 404 rm.
558 338 610 403 ιν.
642 339 861 410 cursa
1152 350 1217 414 ror
1350 305 1354 310 ¹

96 531 189 622 ἔχων
206 528 265 604 ἐπὶ
279 531 357 611 τοῖς
372 535 448 611 σοῖς
463 524 637 624 οἱχαθοῐς,
662 558 804 613 παντας
818 532 858 606 dl
876 527 951 628 πρό
965 531 1040 607 τοῖν
1053 533 1126 607 σοῖν
1144 531 1212 617 οἷς·

96 660 166 730 περ
183 635 257 707 τῶν
273 632 373 707 ἰδίων
382 635 627 758 μαχομένους·
649 629 858 731 θησαυρούς
872 663 912 729 χο
924 663 1000 732 μην
1013 637 1107 724 ἔχοις
1121 631 1213 710 πολιν·

96 764 162 817 τας
182 762 269 817 τους
293 729 398 832 nopai
419 742 496 817 τοῖς
520 735 637 830 φίλοις
660 732 848 818 πλούτους.
900 738 1108 808 Addendum
1132 751 1213 833 post
1250 741 1252 748 ’

97 841 192 930 ἔχοις
211 836 455 908 censuerunt
430 867 477 911 αν
498 839 721 925 Schaelerns‚
747 839 912 928 Bremins‚
938 843 1118 934 Reisigins‚
1145 844 1210 929 alii,

96 965 160 1011 nec
184 944 256 1011 sine
283 942 532 1034 probabilitate.
586 944 665 1011 Non
695 942 827 1011 videtur
854 953 966 1013 tamen
985 946 1209 1015 necessarium

97 1067 189 1130 esse,
221 1047 301 1135 quia
323 1043 426 1113 hoc
416 1067 451 1113 m
474 1055 588 1114 mente
608 1044 758 1115 habebat
780 1047 944 1138 scriptor,
980 1041 1208 1123 ιιινδύνουδ

97 1147 142 1220 οἶν
158 1147 265 1228 ὄντος
280 1142 443 1240 μάλιστα
456 1145 586 1241 μὲν
538 1143 670 1229 αυτούς
665 1144 900 1271 ”προθύμους
913 1145 1038 1248 ὁρῴης,
1062 1161 1208 1248 θησαυ-

97 1244 181 1346 ρούς
204 1278 245 1343 χο
264 1245 340 1347 μήν
357 1252 452 1341 ἔχοις
469 1278 556 1331 τους
578 1247 701 1324 αύταν
721 1245 908 1333 πλούτους.
961 1253 1075 1322 Minus
1099 1255 1208 1346 expli-

96 1364 172 1422 cate
190 1354 235 1422 de
260 1353 328 1421 hoc
348 1376 475 1445 genere
498 1353 652 1424 disseruit
672 1354 838 1423 Matthiae
855 1354 901 1422 ad
918 1357 1037 1448 Eurip.
1058 1357 1205 1448 Hippol.

94 1455 183 1525 468.
196 1480 235 1550 p.
252 1455 313 1524 44.
341 1457 400 1546 qui
415 1478 518 1546 quum
536 1467 709 1550 negasset,
734 1459 826 1526 illam
851 1462 1014 1529 rationem
1040 1459 1208 1550 quadrare

93 1558 229 1628 inhaec
246 1559 428 1652 Sophoclis
444 1559 499 1633 El
517 1559 603 1635 790.

144 1716 196 1786 Π.
225 1707 358 1786 oduario
375 1703 636 1840 οἷποστοιχοιμ’
650 1711 715 1841 οἷν,
735 1741 769 1785 οι
763 1706 869 1788 ''rold
882 1709 924 1787 ού
940 1719 1050 1813 κυροῖ.

148 1811 248 1890 K.
224 1809 358 1911 νμιστ·
385 1813 531 1909 ἐπείπερ
551 1807 636 1888 ουτ’
648 1817 742 1909 ἐμοῦ
758 1815 933 1900 navariae

229 1910 418 2014 πραξοιας,
445 1915 529 1990 οὔτι
547 1919 619 1991 τοῦ
631 1912 877 2016 πορεύσαντος
891 1921 1013 2008 ξένου,

93 2072 172 2142 vide
185 2093 275 2162 quae
290 2071 336 2139 ad
350 2094 428 2141 eum
440 2069 554 2140 locum
569 2065 737 2145 adnotavi
781 2071 885 2143 Adde
899 2069 989 2141 Ocd.
1006 2069 1081 2141 Col.
1095 2069 1183 2146 997.

196 2219 309 2298 τίνα’
322 2223 386 2313 ἄν,
413 2220 497 2300 οὐδὲ
514 2222 706 2300 τοῦνδιιον
721 2224 961 2323 πιριβλέποις.

91 2377 166 2450 Sed
174 2376 262 2445 haec
275 2378 427 2467 quamvis
442 2378 577 2472 ingente
592 2378 720 2470 possim
740 2377 974 2470 exemplorum
993 2377 1204 2448 multitudine

92 2482 312 2576 confirmare,
338 2482 416 2553 satis
432 2481 474 2550 sit
487 2481 660 2572 quomodo
672 2479 854 2550 iudicanda
868 2478 934 2549 sint
944 2479 1117 2554 indicasse.

614 2683 689 2760 vu

244 2836 311 2910 De
337 2836 661 2909 collocatione
679 2837 966 2933 particulae
990 2832 1052 2911 ἄν.

193 2993 377 3082 Reliquum
391 3000 442 3061 est
454 3001 493 3060 ut
507 2992 637 3061 dicatur
653 2988 696 3060 de
708 2990 930 3059 collocatione
943 2987 1129 3080 particulae
1143 2987 1202 3077 ἄν,

91 3097 367 3188 quac‘nonnullis
390 3097 424 3164 in
453 3097 632 3188 generibus
654 3093 816 3185 loquendi
837 3093 893 3160 vel
913 3092 1105 3159 insolentior
1129 3115 1202 3160 esse

92 3201 147 3270 vel
167 3200 296 3290 aliquid
313 3199 446 3268 videtur
468 3200 694 3293 perversitatis
709 3197 847 3266 habere.
899 3194 1015 3280 Quum
1036 3193 1203 3284 particula

90 3305 149 3372 illa
163 3303 206 3372 sit
223 3304 259 3371 in
272 3303 329 3390 iis,
354 3324 442 3392 quae
460 3325 527 3371 non
545 3312 685 3395 possunt
697 3303 733 3371 in
748 3303 823 3395 ipso
838 3299 923 3391 poni
938 3298 1094 3368 orationis
1107 3296 1202 3391 prin-

92 3408 201 3499 cipio,
227 3428 398 3497 quumque
413 3415 530 3474 natura
545 3430 605 3476 sua
619 3406 663 3473 ad
679 3405 770 3473 aliud
786 3404 927 3472 verbum
945 3401 1110 3470 referatur
1123 3421 1201 3469 cum

92 3533 204 3601 eoque
229 3511 271 3578 sit
294 3509 489 3597 coniuncta,
524 3531 733 3598 consequeus
758 3514 808 3576 est
829 3505 1007 3598 proprium
1032 3503 1063 3573 ei
1086 3503 1201 3573 locum

92 3635 167 3682 esse
181 3613 291 3681 statim
307 3619 387 3703 post
402 3633 476 3679 eam
493 3636 623 3699 vocem,
647 3613 691 3680 ad
708 3612 799 3679 cuius
811 3609 980 3677 notionem
995 3608 1200 3675 constituen-

92 3715 172 3785 dam
188 3714 315 3804 aliquid
331 3713 472 3787 confert.
524 3717 642 3806 ltaque
656 3717 784 3807 primo,
807 3711 902 3803 qnod
918 3709 962 3778 ad
979 3708 1199 3778 consociatio-

90 3842 170 3888 nem
189 3819 259 3887 eius
275 3840 352 3885 cum
368 3819 578 3888 coniunctivo
596 3820 728 3908 attinet,
756 3816 912 3906 quoniam
925 3811 970 3881 ad
985 3812 1083 3880 huius
1098 3819 1201 3903 potc-

91 3931 213 3991 statem
224 3921 423 3999 mutandam
443 3922 525 3990 nihil
538 3922 685 4006 confert,
711 3944 780 3988 non
795 3926 908 4010 potest
923 3924 1002 4008 post
1015 3913 1201 3984 coniuncti-
1239 3977 1240 3981 ,

90 4025 291 4117 rumpam,
318 4023 380 4092 sed
397 4024 429 4093 ei
445 4034 495 4093 est
513 4026 590 4093 voci
611 4023 815 4106 adiicienda,
841 4044 862 4087 a
883 4041 951 4108 qua
966 4019 1097 4112 regitur
1115 4040 1201 4085 con·

89 4129 264 4198 iunctivus.
315 4127 435 4217 ltaque
450 4121 537 4206 ἐύν,
568 4126 606 4208 ὃς
627 4125 688 4207 ἄν,
716 4136 750 4195 et
763 4144 997 4216 quaecumque
1011 4130 1086 4190 sunt
1101 4118 1200 4189 huius

91 4232 225 4323 generis
247 4231 313 4299 alia
341 4230 543 4299 coniunctim
568 4239 754 4323 ponuntur,
787 4228 849 4296 nisi
871 4224 982 4317 quod,
1009 4246 1114 4316 quum
1133 4245 1202 4292 non

91 4335 240 4407 inunam
254 4335 312 4402 illa
326 4356 445 4403 vocem
463 4335 665 4426 coalescunt,
691 4331 881 4403 cordunctio
894 4327 1063 4421 interponi
1076 4332 1201 4420 potest,

141 4454 265 4524 Hunni.
291 4451 357 4528 Or.
378 4453 436 4524 lV.
955 4447 991 4516 Ν
