2842 4920
179 375 243 438 254
285 367 344 431 ns
376 366 613 456 urscnrer
643 340 943 430 rnonsruuo
972 367 1162 430 sosvro

179 584 233 631 sos
252 560 366 632 fuisse.
418 559 486 626 Hic
500 556 602 650 igitur
619 557 859 645 Prometheus,
887 559 978 626 cuius
993 581 1185 652 cognomen
1202 563 1285 631 nul-

179 668 249 732 lum
263 663 423 754 apposuit
437 663 582 753 scriptor
598 663 797 753 argumenti,
825 663 988 752 satyricus
1001 662 1074 734 fuit.
1106 667 1285 760 Πυρκαέα

178 775 337 836 vocatum
358 788 450 852 esse,
477 789 518 833 ex
542 766 682 833 Polluce
704 766 763 832 lx.
783 761 868 831 156.
892 765 935 834 Χ.
955 762 1015 832 64.
1035 776 1176 840 constat.
1229 768 1285 838 Ex

177 863 354 968 πυρφόρῳ
378 892 465 960 quae
480 891 655 960 perpauca
673 867 877 954 afferuntur,
903 868 1066 936 incertum
1081 871 1283 961 relinquunt,

176 959 398 1065 tragoediane
413 996 455 1039 an
470 972 585 1040 fabula
599 971 743 1062 satyrica
757 972 867 1038 fuerit.
894 972 1085 1062 Satyricam
1104 975 1163 1064 qui
1178 975 1283 1044 fuisse

177 1076 373 1162 existimant,
400 1075 610 1144 similitudine
625 1075 797 1143 nominum
812 1072 905 1161 moti,
931 1075 975 1142 ab
990 1075 1062 1143 aliis
1077 1070 1283 1171 πυρφόρον,

177 1181 221 1248 ab
243 1179 313 1246 aliis
336 1180 496 1275 πυρκαέα
518 1179 723 1270 appellatam
747 1178 908 1264 credunt,
934 1199 1045 1269 eoque
1065 1179 1194 1247 factum
1213 1204 1283 1273 pu·

174 1291 262 1366 tant,
289 1290 327 1349 ut
344 1274 520 1377 neptrasiis
540 1283 649 1350 nullus
671 1283 712 1349 sit
726 1282 761 1348 in
777 1279 924 1348 indicem
938 1282 1130 1350 fabularum
1143 1284 1280 1354 relatus.

176 1385 387 1455 Contrariam
405 1386 603 1453 senteutiam
622 1386 680 1474 qui
702 1384 904 1470 defendunt,
929 1384 1031 1452 indici
1049 1385 1099 1453 illi
1111 1409 1180 1454 uon
1193 1389 1280 1457 mul·

174 1498 247 1556 tum
259 1487 474 1555 tribuendum
487 1510 561 1557 esse
575 1497 730 1576 monent,
757 1489 930 1556 nominum
944 1497 1057 1556 autem
1070 1489 1281 1581 significatus

175 1592 314 1665 differre
333 1591 466 1679 volunt,
492 1601 530 1658 ut
543 1584 731 1687 πυρφόρος
745 1591 805 1679 sit,
832 1592 890 1681 qui
901 1590 1052 1684 fraude
1066 1594 1172 1661 mala
1185 1616 1281 1687 gen·

175 1695 270 1765 tihus
284 1694 448 1764 intulerit
462 1694 587 1787 ignem
605 1695 775 1766 aetheria
796 1695 904 1763 domo
920 1693 1154 1780 subductum,
1181 1722 1280 1793 nop-

173 1792 279 1878 καεύς
292 1807 405 1865 autem
419 1800 477 1888 qui
492 1798 692 1868 accenderit.
744 1798 790 1865 Et
801 1798 930 1873 factum
941 1798 978 1866 id
993 1822 1065 1867 esse
1079 1798 1114 1866 in
1127 1805 1283 1891 πυρκαεῖ

102 1950 107 1965 ,
173 1925 216 1970 ex
241 1901 424 1969 Plutarcho
455 1901 490 1968 in
518 1902 604 1969 libro
630 1901 675 1969 de
702 1902 841 1970 utilitate
866 1925 908 1971 ex
934 1902 1086 1970 hostibus
1111 1901 1281 1992 capienda

147 2013 218 2096 4p.
234 2002 295 2072 86.
313 2003 353 2078 F.
373 2005 546 2096 cognitum
561 2014 620 2072 est.
647 2006 745 2072 Patet
759 2005 810 2073 his
828 2006 1031 2097 argumentis
1052 2029 1120 2072 non
1136 2006 1280 2074 multum

172 2109 273 2178 effici.
326 2111 415 2175 Nam
430 2108 530 2175 indici
550 2108 603 2175 isti
616 2116 653 2175 ut
666 2132 733 2175 non
748 2117 875 2176 temere
891 2108 1076 2195 fidendum,
1096 2110 1144 2176 ita
1158 2131 1202 2175 ue
1219 2108 1279 2178 de·

171 2211 329 2301 neganda
355 2209 493 2298 quidem
523 2209 610 2276 fides
637 2218 765 2277 temere
793 2220 859 2278 est:
894 2212 951 2299 qui
983 2221 1095 2278 autem
1124 2212 1280 2281 accendit

169 2313 287 2406 ignem
304 2314 450 2406 primus,
476 2311 567 2380 idem
581 2311 682 2381 infert
697 2313 731 2379 in
746 2313 849 2381 vitam
865 2322 899 2381 et
917 2336 1015 2381 usum
1030 2313 1218 2389 hominum.

213 2503 217 2511 1
274 2418 346 2486 Sed
363 2414 493 2484 addunt
514 2416 659 2484 rationes
677 2417 772 2484 alias:
799 2417 964 2484 Vinctum·
980 2417 1224 2485 Prometheum
1243 2426 1278 2486 ot

170 2518 327 2589 Solutum
341 2544 408 2590 una
417 2520 450 2586 in
459 2519 596 2611 trilogia
610 2510 804 2610 coniunctos
818 2520 921 2588 fuisse
933 2521 1048 2588 testari
1063 2521 1278 2590 scholiastom

170 2624 214 2691 ad
235 2624 346 2692 Vincti
366 2647 397 2692 v.
421 2620 509 2696 olo.
533 2622 624 2691 unde
643 2624 715 2690 veri
735 2624 841 2691 simile
864 2647 955 2710 esse,
980 2633 1087 2691 totam
1108 2625 1277 2718 trilogiam

168 2728 203 2794 iu
218 2728 319 2796 rebus
332 2725 535 2801 Promethei>
548 2748 620 2793 esse
640 2736 823 2811 versatam,
848 2728 1046 2818 praesertim
1068 2751 1174 2815 quum
1193 2751 1276 2796 con·

169 2832 316 2898 sueverit
337 2829 528 2919 Aeschylus
552 2839 752 2921 argumenta
772 2853 837 2920 per
858 2839 927 2898 tres
950 2830 1144 2922 tragoedias
1167 2831 1277 2899 couti-

168 2955 282 3001 nuare.
314 2933 395 3002 Veri
411 2933 516 3001 simile
532 2956 616 3019 esse,
636 2955 736 3001 nemo
751 2934 961 3002 infitiabiturz
982 2956 1188 3024 quamquam
1199 2934 1276 3027 ipsi,

169 3037 227 3126 qui
247 3037 339 3104 illam
360 3038 559 3117 senteutiam
574 3037 780 3124 defendunt,
806 3038 930 3105 frustra
944 3039 1054 3105 conati
1069 3046 1144 3105 sunt
1160 3047 1276 3106 ostou-

169 3140 268 3228 dere,
296 3141 470 3231 quomodo
494 3150 609 3231 raptus
632 3140 873 3209 aPrometheo
892 3142 979 3232 ignis
1002 3149 1119 3231 aptum
1134 3149 1274 3232 tragoe-

168 3244 245 3311 diae
267 3253 500 3336 argumentum
524 3244 728 3334 praebuerit.
782 3243 853 3312 Sed
872 3245 974 3311 fuerit
995 3245 1052 3312 illa
1079 3244 1273 3336 tragoedia:
1313 3253 1318 3262 '

168 3348 244 3413 satis
263 3348 351 3414 enim
372 3346 557 3414 fecundum
571 3354 644 3413 erat
663 3346 827 3437 Aeschyli
844 3347 1034 3439 ingenium,
1061 3357 1099 3415 ut
1113 3349 1215 3416 etiam
1231 3370 1274 3416 ex

166 3449 280 3538 iniqua
301 3450 440 3518 materia
465 3449 677 3540 tragoediam
702 3450 802 3517 sciret
824 3473 1048 3542 componere,
1074 3452 1274 3542 praesertim

166 3562 237 3620 tam
250 3553 446 3645 simplicem,
473 3576 575 3642 quam
590 3562 666 3621 sunt
680 3554 756 3621 illae
772 3555 992 3643 antiquiores
1020 3555 1067 3621 At
1080 3553 1165 3621 illud
1182 3563 1274 3623 certo

166 3680 233 3724 uon
253 3656 424 3725 debebant
441 3657 578 3743 afferre,
606 3657 817 3726 consuevisse
829 3657 1037 3748 Aeschylum
1052 3657 1193 3748 trilogiis
1206 3658 1273 3725 suis

166 3761 312 3847 aliquam
324 3784 438 3829 rerum
453 3761 702 3828 continuitatem
722 3762 902 3852 explicare.
956 3761 1043 3828 Tres
1064 3761 1271 3852 tragoedias,

168 3864 290 3951 quibus
311 3863 507 3933 succederet
533 3864 649 3932 fabula
667 3866 831 3954 satyrica,
859 3864 1060 3931 coniunctim
1083 3863 1271 3954 productas

167 3966 201 4032 in
220 3989 354 4034 scenam
373 3992 463 4052 esse,
493 3969 659 4035 neminem
684 3970 781 4054 latet,
809 3968 870 4036 etsi
893 3990 955 4035 nec
980 3969 1053 4058 quis
1081 3967 1117 4034 id
1143 3968 1270 4058 primus

165 4069 356 4154 instituerit,
393 4095 455 4139 nec
481 4094 568 4159 quae
601 4094 718 4140 caussa
743 4073 812 4140 eius
841 4072 979 4140 instituti
1008 4071 1110 4139 fuerit
1140 4072 1269 4139 scimus.

165 4172 388 4240 Probabiliter
409 4174 640 4242 Dahlmannus
658 4176 692 4242 in
714 4177 993 4243 commentatione
1014 4174 1057 4242 de
1076 4173 1267 4264 primordiis

166 4284 200 4342 et
216 4277 424 4345 successibus
440 4278 561 4345 veteris
575 4278 771 4346 comoediae
786 4302 821 4369 p.
838 4277 897 4345 22.
910 4301 1040 4345 morem
1053 4277 1145 4345 huuc
1159 4278 1267 4346 ebro-

165 4380 266 4448 vitate
287 4378 588 4470 antiquissimarum
613 4382 865 4474 tragoediarum
891 4381 1117 4474 repetendum
1145 4384 1265 4450 censet·
