2842 4920
183 1435 1170 1524 INGREDIBILIVM

388 1644 593 1714 trouu
642 1638 961 1734 recursu

569 1920 778 1931 ψ--οη--σι-

124 2147 379 2250 incredibilium
410 2185 556 2271 quaein
586 2195 696 2254 aetate
728 2186 902 2254 hominum
932 2182 1087 2257 accidunt
1115 2182 1253 2259 nullust

125 2285 261 2353 uberior
281 2284 357 2352 fons
379 2294 446 2370 est,
481 2288 599 2378 optimi
625 2289 804 2381 Magistri,
837 2310 938 2377 quam
963 2287 1153 2378 cupiditatis
1181 2287 1227 2354 vir

125 2397 233 2474 tanta,
258 2395 296 2455 ut
307 2386 478 2455 hominem
491 2390 634 2481 irnperio
648 2391 682 2457 in
700 2415 736 2458 se
756 2401 865 2459 eruat.
900 2389 944 2456 ld
958 2413 1014 2457 me
1030 2410 1090 2457 suo
1111 2411 1228 2456 exem-

124 2492 184 2583 plo
214 2488 413 2573 ostendere,
446 2493 596 2580 quamvis
627 2493 784 2579 invitum,
817 2489 955 2559 tandem
983 2493 1097 2581 coegit
1118 2490 1146 2558 is
1168 2492 1227 2570 vir,

126 2595 183 2684 qui
198 2615 267 2684 quo
288 2615 373 2685 erga
393 2617 448 2660 me
472 2595 582 2662 animo
607 2595 648 2662 sit
669 2619 732 2663 nec
745 2595 841 2664 vobis
862 2616 972 2682 oeque
990 2593 1059 2660 aliis
1074 2593 1227 2684 ignotum

127 2706 194 2786 est,
221 2696 265 2763 G.
287 2694 334 2764 H.
359 2695 583 2774 Schaeferus,
610 2721 715 2786 quum
735 2699 769 2765 in
791 2696 965 2765 Plutarchi
985 2695 1136 2764 vitarum
1160 2697 1226 2763 voh

125 2800 183 2868 Vl.
208 2823 244 2890 p.
267 2795 354 2870 5⁰6.
377 2798 463 2868 haec
488 2801 637 2893 scripsit:
672 2801 778 2898 Quae
809 2801 857 2870 de
879 2799 1021 2869 iniuriis
1053 2797 1102 2867 ab
1127 2796 1227 2867 Her·

125 2923 260 2972 monuo
275 2924 350 2995 per
367 2902 435 2972 hoe
460 2903 745 2998 duodetriginta
771 2926 887 2973 anuos
902 2903 990 2972 mihi
1003 2901 1227 2996 petulantia-

126 3006 215 3076 aime
228 3005 346 3074 illatio
365 3005 502 3099 scripsi
516 3031 588 3076 nou
607 3008 722 3097 male,
749 3015 789 3075 ut
807 3006 938 3093 credo,
964 3005 1164 3074 meriturus
1180 3004 1227 3074 de

125 3107 325 3195 iuvenibus,
349 3131 439 3200 quoa
458 3109 530 3179 uici
546 3110 705 3180 monitor
727 3118 866 3204 surgat
879 3109 1013 3203 gravio
1032 3117 1068 3178 et
1080 3130 1226 3178 aeverru

125 3214 227 3307 ioque
239 3212 404 3306 grandia
419 3221 527 3301 natu,
552 3215 629 3284 tale
642 3215 844 3307 exemplum
846 3211 971 3306 facile
988 3220 1086 3306 agat
1100 3219 1225 3280 traue-

125 3324 269 3401 uc'rooe,
294 3316 390 3385 adeo
410 3326 599 3387 moverunt
614 3317 721 3387 bitem
741 3317 895 3386 hominio
908 3314 970 3385 ira
988 3314 1227 3386 debacchar-

126 3421 191 3512 tia,
223 3427 264 3487 ut
284 3418 361 3488 eiua
382 3419 420 3488 iu
445 3443 503 3489 me
521 3420 622 3492 crim
641 3431 821 3491 evomeret
841 3404 967 3515 prices.
994 3420 1057 3501 adx
1074 3418 1225 3488 Aristu-

118 3523 237 3618 phau.
260 3519 355 3596 Not.
373 3545 412 3615 p.
427 3519 554 3592 XVII.
584 3522 646 3593 ubi
668 3546 854 3594 recensum
876 3546 1020 3612 eorum,
1047 3543 1142 3614 quoe
1161 3520 1224 3589 Fr.

126 3622 174 3700 A.
196 3623 513 3723 Wolfio'illiuoque
533 3627 683 3720 sequaci
701 3627 868 3721 Reicigio
884 3625 1089 3696 communia
1102 3621 1226 3716 flucae

113 3722 316 3825 'opinatur‚
352 3729 410 3798 hie
436 3727 557 3799 vertis
566 3729 716 3827 finivit:
756 3768 834 3818 „-
858 3731 958 3820 quin,
991 3737 1030 3796 ut
1050 3726 1132 3794 nihil
1161 3726 1225 3795 de·

125 3841 230 3921 esset,
257 3832 378 3900 eadem
401 3832 502 3902 etiam
523 3841 605 3925 post
622 3835 751 3902 obitum
773 3856 845 3903 sors
868 3829 1021 3922 (Wolfio
1046 3838 1083 3899 et
1101 3828 1224 3898 Reici-

123 3936 226 4032 gio)‚
253 3934 390 4026 quaudo
411 3958 497 4026 quos
518 3937 611 4006 rivos
637 3935 783 4030 aggredi
807 3936 924 4004 celeris
946 3932 1112 4002 vindictae
1131 3940 1225 4001 metu

123 4063 192 4110 uon
209 4047 391 4127 cataneus,
417 4061 535 4109 eorum
557 4038 590 4107 in
605 4063 720 4109 manes
733 4039 828 4108 fortis
842 4038 964 4108 exstitit
978 4036 1023 4107 G.
1036 4035 1082 4105 H.
1097 4037 1224 4107 Sohae-
1260 4128 1261 4132 Ἰ

210 4341 238 4420 *)
261 4341 397 4423 Scriptus
413 4353 459 4406 eat
475 4343 619 4406 creationi
638 4344 802 4404 Doctorum
817 4340 1027 4424 Philosophiae
1042 4360 1069 4399 u.
1089 4333 1179 4406 1830.
