2842 4920
319 384 370 444 DE
382 380 717 446 luscuu’uluruuvs
731 382 958 464 eruvsutu
974 385 1148 449 cumen.
1221 391 1284 456 881

179 577 253 656 tris,
276 582 469 666 exspectes,
494 573 680 643 liberorum
700 573 777 641 ioco
802 595 878 642 eam
894 596 1007 643 versus
1029 575 1193 657 iniucem
1212 576 1286 646 edi·
1365 662 1369 671 Ι

178 679 276 746 disse.
330 677 403 746 Sed
424 677 506 744 istae
527 699 643 744 omnes
671 679 883 746 coniecturae
906 701 974 746 non
998 679 1033 744 in
1054 689 1201 747 mentem
1222 704 1278 749 re-

176 783 302 850 nissent
314 778 508 859 Welckero,
535 780 562 846 si
578 780 771 871 cogitasset,
798 780 1010 875 ι’σαρίθμιος
1023 804 1092 849 non
1105 778 1179 850 esse
1195 788 1282 856 ἐνα-

177 885 349 981 ρίθμιος,
375 892 477 973 atque
496 882 623 976 idcirce
642 883 735 972 qnod
751 883 931 952 Musaeum
956 885 989 951 in
1006 882 1140 953 Cestiae
1159 885 1283 955 fetibus

177 990 237 1072 sit,
262 1009 333 1071 non
352 987 414 1054 nisi
438 987 472 1054 in
494 986 634 1054 numero
655 984 832 1055 Musarum
857 1010 930 1055 csse
950 988 1107 1079 positum.
1159 989 1211 1057 Ita
1232 990 1283 1056 vi·

177 1091 296 1176 disset,
329 1089 422 1178 qnod
449 1098 569 1181 sponte
595 1112 631 1156 se
650 1089 768 1178 offert,
796 1113 918 1159 novem
939 1090 1122 1159 liberorum
1142 1101 1284 1159 matrem

177 1195 245 1261 dici
261 1192 419 1260 Cestium.
472 1191 512 1260 ln
525 1193 642 1260 ultimo
655 1216 755 1261 versu
768 1194 1019 1287 epigrammatis
1035 1192 1189 1264 Osarmus
1206 1195 1281 1266 uoi-
1310 1269 1317 1288 ι

148 1359 153 1367 ,
177 1324 235 1368 σιν
255 1290 393 1393 αληθής
412 1296 598 1388 legendum
616 1297 775 1388 putabat,
816 1297 874 1386 qui
893 1306 1037 1389 propter
1059 1298 1283 1390 significatum

132 1463 138 1471 .
176 1421 280 1488 qnem
303 1392 441 1496 ἀληθής
466 1399 523 1466 hic
544 1397 687 1491 habeat,
713 1422 785 1468 oon
809 1398 1089 1487 obliviscendus,
1116 1400 1282 1491 Hesychii

178 1503 282 1571 verba
304 1500 421 1570 affert:
455 1498 619 1600 ἀληθέα,
646 1499 812 1600 ἀψευδῆ,
845 1501 904 1575 καὶ
926 1496 975 1574 τα
995 1497 1050 1600 μή
1074 1507 1280 1576 ἐπιλανθα-

159 1600 326 1696 ’νόμννα
360 1601 523 1702 dimisis,
554 1611 591 1676 οἱ
606 1607 717 1703 μηδὲν
741 1599 1093 1698 ἐπιλανθανόμενοι,
1121 1603 1165 1685 cic
1186 1605 1282 1676 Πίν-

177 1712 296 1804 δαρος.
355 1709 403 1775 At
436 1707 546 1799 primo
582 1709 773 1800 Hesychius
811 1710 975 1795 activam,
1014 1731 1083 1776 non
1114 1710 1282 1798 passivam
1330 1745 1334 1751 ·

175 1811 454 1902 significationem
468 1810 649 1880 adnotavit.
701 1813 834 1881 Deinde
848 1822 882 1881 et
895 1813 1003 1879 activa
1015 1820 1049 1880 et
1062 1810 1195 1904 passiva
1217 1810 1282 1879 du-

175 1913 327 1982 bitationi
348 1915 514 1982 obnoxiae
536 1917 736 1999 manebunt,
772 1940 879 2007 nsque
908 1915 990 1983 dum
1010 1915 1115 1982 verba
1135 1914 1281 1998 Pindari,

175 2040 264 2109 qnae
282 2040 356 2085 rem
385 2020 627 2108 comprobent,
661 2020 695 2087 in
716 2020 828 2087 lucem
848 2019 971 2087 fuerint
994 2026 1175 2110 protracta
1234 2018 1281 2086 Et

173 2131 357 2215 postquam
372 2121 410 2189 id
425 2122 552 2189 factum
573 2125 651 2210 erit,
679 2123 740 2191 nisi
760 2132 810 2191 est
824 2123 890 2191 iam
914 2123 1058 2209 factum,
1083 2121 1281 2190 innuuntur-

175 2247 242 2315 que
252 2221 375 2321 Ὧραι
394 2220 549 2306 diaetae
564 2226 598 2295 iu
621 2235 715 2296 sexto
732 2227 827 2320 apud
844 2225 1060 2296 Boeckhinm
1078 2225 1281 2319 fragmento,

174 2328 371 2420 apparebit,
403 2328 716 2420 interpretationem
740 2332 839 2398 istam
864 2353 988 2400 vanum
1011 2330 1182 2398 inventurn
1207 2350 1281 2396 esse
1346 2333 1349 2340 ’

174 2416 482 2526 grammaticorum.
536 2433 608 2501 Sed
631 2431 851 2518 Welckerns,
881 2434 939 2521 qni
960 2441 1054 2500 recte
1073 2430 1211 2523 quidem
1223 2430 1281 2498 hic

174 2545 423 2627 pentametrum
442 2537 556 2627 potius
579 2558 681 2624 quam
699 2534 933 2603 hexametrum
950 2536 1104 2622 requirit,
1137 2534 1280 2601 activam

175 2638 467 2732 significationem,
493 2661 564 2707 nou
583 2638 789 2725 immemor,
816 2660 951 2705 securus
973 2635 1145 2722 adsciscit,
1176 2644 1278 2724 atque

174 2742 302 2810 idcirco
327 2741 474 2810 duorum
494 2751 745 2835 postremorum
764 2742 855 2811 initia
873 2762 1030 2809 versuum
1054 2740 1101 2808 sic
1123 2741 1280 2831 integrat,
1350 2794 1353 2799 .

176 2846 238 2926 orie
264 2846 302 2918 δὲ
328 2883 376 2896 -·
402 2851 487 2925 τοῖς·
539 2846 677 2932 „Eo,“
702 2847 827 2936 inquit,
860 2845 991 2915 nititur
1017 2852 1053 2912 et
1078 2834 1142 2923 nde
1169 2843 1207 2915 δὲ
1228 2882 1281 2895 -

175 2954 274 3037 τοῖς,
310 2948 408 3040 quod
437 2949 566 3041 posui,
601 2959 637 3019 et
670 2957 750 3018 totu
779 2970 888 3040 quum
914 2947 1059 3016 restitui
1090 2945 1280 3032 sententia,
1395 2990 1406 3018 t

182 3050 344 3122 Cestium
362 3052 520 3120 omnium
541 3052 760 3122 dilectorum
780 3072 930 3120 suorum
950 3048 1148 3118 liberorum
1170 3048 1281 3117 etium
1372 3106 1374 3112 s

176 3155 212 3223 io
247 3155 351 3224 caelo
383 3154 575 3225 Pieridum
611 3156 809 3224 Musarum
850 3154 888 3221 iu
927 3153 1103 3222 societate
1141 3153 1281 3221 laetum

177 3258 386 3328 recordari.
426 3259 718 3356 Confirmuudue
734 3259 819 3328 huic
842 3256 1072 3327 coniecturae
1094 3254 1152 3344 sit,
1180 3255 1280 3349 quod

175 3362 237 3431 viu
261 3362 341 3429 uiiu
367 3362 590 3455 satisfacere
610 3371 753 3456 potest,
780 3385 874 3455 quae
899 3359 1078 3460 χαίρουσα
1102 3383 1175 3428 nou
1200 3381 1282 3428 cum

170 3484 403 3559 praegresso
436 3466 514 3540 ioci
548 3467 772 3561 coniungens
810 3465 916 3535 uliud
954 3462 1103 3534 verdum
1128 3466 1281 3558 puout.“

174 3569 222 3636 At
235 3568 281 3637 de
294 3570 389 3637 caelo
415 3569 498 3637 nihii
520 3571 555 3639 in
580 3571 825 3664 epigrammate
851 3569 996 3656 dictum,
1022 3566 1198 3650 Musarum
1218 3588 1281 3632 au-

175 3682 245 3746 tem
279 3673 420 3742 societas
448 3697 468 3740 a
495 3674 679 3743 Welckero
714 3673 852 3742 demum
884 3695 948 3764 per
980 3670 1181 3739 vocabulum
1213 3691 1282 3736 non

176 3774 349 3844 Graecrun
373 3776 473 3844 illata
528 3776 632 3862 Quod
652 3800 733 3845 vern
759 3774 929 3845 contendit
949 3771 1043 3841 hand
1059 3773 1158 3840 facile
1182 3772 1280 3840 aliam

174 3878 346 3947 inventum
378 3879 418 3946 iri
451 3880 697 3970 coniecturam,
735 3903 823 3970 quae
857 3877 1052 3964 satisfaciat,
1088 3874 1156 3944 hoc
1189 3895 1278 3965 quo-

176 4004 243 4070 que
272 3982 330 4050 illa
355 3982 468 4052 nititur
492 3983 655 4075 petitione
679 3983 858 4076 principii,
886 3980 980 4071 qnod
1005 3976 1182 4075 χαίρουσα
1203 4001 1281 4047 cum

175 4083 254 4158 ἐστὶ
281 4086 322 4154 sit
348 4081 629 4179 coniungendrun.
688 4086 791 4154 Nulla
815 4109 853 4153 re
878 4084 940 4152 nisi
968 4091 1081 4151 mente
1107 4104 1174 4150 non
1199 4071 1281 4175 per-

175 4187 327 4277 turbata,
366 4191 518 4280 iustaque
551 4190 783 4258 observatione
817 4210 934 4257 eorum
968 4209 1056 4279 opus
1088 4194 1155 4273 est,
1194 4207 1282 4276 quae

176 4291 293 4383 lingna
334 4303 367 4361 et
397 4303 541 4362 metrum
581 4303 616 4362 et
650 4293 835 4385 conspicua
874 4293 909 4358 in
942 4290 1058 4358 litteris
1095 4289 1282 4380 argumenti

177 4397 318 4488 vestigia
345 4400 399 4465 vel
425 4398 626 4490 permittunt,
649 4399 710 4465 vel.
729 4395 964 4490 suppeditant,
1001 4402 1038 4461 ut
1062 4392 1151 4460 faciti
1177 4414 1283 4484 opere
