2842 4920
475 365 611 429 urar.
657 363 753 427 cur.
773 371 804 431 ο.
870 320 872 324 ’
1155 381 1200 444 45

82 561 165 651 lpse
190 549 299 631 o‘rco'c'
322 553 399 629 ἐστὶ
418 549 530 646 χρεόν
548 556 664 650 legere
681 557 825 630 videtur.
879 559 991 654 Vulgo
1012 565 1075 645 ibi.
1102 565 1141 639 σι’
1162 566 1198 639 δ’

84 659 130 736 οὐ
154 655 202 734 od
224 665 369 755 φρονεῖς
397 653 506 731 όπόσ’
530 661 606 734 ἐστι’
626 655 741 754 χρεων
762 655 829 732 τόν
856 690 896 754 με
928 668 1024 762 σοφῇ
1045 667 1197 762 δόκιμον

84 763 204 859 φρενί.
257 761 382 830 Suidae
401 760 478 834 cod.
502 762 599 834 Leid.
622 757 740 837 ὁπόσα
761 758 876 859 χρεόν
900 770 979 839 ἐστι
1000 764 1067 844 τόν
1091 773 1198 869 σοφῇ.

83 866 200 937 Codd.
217 866 306 936 Rav.
326 874 359 932 et
382 865 468 937 Ven.
487 861 596 939 o‘uo'o’
618 864 664 938 οἳν
682 860 796 963 χρεόν
812 868 890 941 ἐστι
907 862 974 943 τόν
991 874 1098 970 σοφῇ.
1149 876 1195 950 G.

82 968 282 1039 Dindorlius
301 969 346 1035 ita
363 967 484 1037 edidit:

189 1120 261 1202 πός
287 1115 323 1193 δ’
350 1107 452 1211 οόχδς
477 1117 517 1193 σι’
541 1114 610 1217 μόρ
642 1146 682 1194 σε
708 1118 872 1217 πέφευγ’,
899 1119 968 1197 ὅσα
994 1121 1066 1224 χρῇ

191 1216 309 1317 σοφόν
335 1220 450 1318 ἄνδρα
459 1251 474 1315 ,·
500 1222 538 1295 σι’
564 1220 599 1297 δ’
626 1220 671 1297 ον’
696 1219 742 1298 od
768 1232 929 1325 φρονεῖς,
957 1224 1066 1303 όπόσ’
1092 1229 1140 1304 δν

190 1319 304 1423 χρεόν
329 1319 396 1398 τόν
422 1354 462 1418 με
488 1326 585 1423 σοφῇ
611 1320 762 1420 δόκιμον

192 1426 299 1525 φρενὶ
324 1425 468 1524 πορίμῳ
494 1456 536 1502 πε
563 1421 679 1526 τόλμῃ
687 1457 702 1522 ,·

84 1584 126 1652 ld
148 1581 232 1651 mibi
255 1581 392 1671 quidem
408 1604 476 1653 uon
493 1583 627 1651 videtur
648 1583 727 1651 ferri
748 1606 870 1676 posse,
896 1585 975 1675 quia
993 1585 1061 1654 sive
1083 1582 1195 1682 ῇείνο

86 1691 139 1782 εἴη
154 1686 339 1777 intelligas,
364 1708 432 1753 nou
448 1694 541 1753 recte
559 1686 715 1777 procedit
739 1688 909 1758 sententia.
963 1688 1052 1773 Quin
1073 1712 1117 1756 ue
1138 1691 1196 1759 illa

85 1788 242 1878 quidem,
271 1785 339 1860 ὅσα
357 1782 426 1883 χρῇ
441 1782 557 1882 σοφόν
571 1787 708 1882 ἄνδρα,
735 1811 804 1879 φοο
826 1812 924 1857 seusu
945 1791 1055 1858 'verbis
1070 1790 1110 1864 τί
1125 1786 1195 1888 γάρ
1313 1789 1315 1794 ’
1343 1881 1350 1894 .

86 1918 126 1964 σε
147 1893 302 1984 πέφευγε
319 1893 427 1981 aptari
449 1892 597 1982 possint,
623 1892 735 1966 video.
787 1892 896 1960 lmmo
915 1894 970 1960 vix
988 1903 1073 1984 puto
1093 1895 1194 1963 dubi-

85 1995 148 2061 tari
170 2015 289 2084 posse,
316 1994 395 2083 quin
412 1994 494 2060 nihil
515 1995 580 2062 sint
599 1995 661 2063 uisi
678 1996 855 2087 explicatio
871 1997 1052 2064 verborum
1076 1991 1195 2070 ὁπόσα

86 2090 200 2191 χρεόν
214 2090 281 2167 τόν
299 2096 396 2192 σοφῇ
410 2090 562 2189 δόκιμον
579 2096 693 2192 φρενί.
736 2099 825 2165 Ηίοο
843 2099 935 2167 effici
950 2100 1105 2189 arbitror,
1133 2124 1194 2168 ex-

87 2200 206 2267 cidisse
221 2200 389 2286 nounulla,
416 2222 504 2289 quae
522 2209 634 2268 autem
647 2199 822 2287 habemus,
849 2203 897 2269 sic
910 2226 983 2271 esse
998 2202 1193 2277 scribenda:

86 2304 157 2382 πῶς
183 2297 219 2375 δ’
247 2299 350 2392 οόχί,·
375 2300 413 2374 σι’
438 2297 507 2398 γάρ
535 2329 575 2376 σε
595 2304 771 2397 πέφευγε,·
796 2301 835 2376 σι’
851 2301 888 2377 δ’
914 2303 958 2378 οὐ
981 2300 1027 2378 οδ
1050 2313 1195 2404 φρονεῖς

87 2399 206 2478 ὁπόσα
223 2398 336 2499 χρεόν
354 2408 432 2477 ἔστι
449 2405 546 2501 σοφῇ
562 2399 714 2495 δόκιμον
731 2406 836 2500 φρενὶ
850 2407 994 2501 πορίμῳ
1010 2435 1052 2480 τε
1065 2403 1194 2503 τόλμῃ.

187 2508 337 2575 Pertinet
358 2507 403 2574 ad
423 2508 512 2574 hanc
527 2508 786 2600 disputationem
809 2509 908 2576 etiam
926 2504 989 2582 εὀἓν
1007 2532 1085 2576 cum
1103 2509 1195 2577 indi-

87 2611 195 2679 cativo
210 2611 394 2703 praesentis
408 2611 572 2697 iunctum,
599 2610 692 2700 quod
710 2612 929 2698 recentiores,
955 2611 990 2678 in
1006 2613 1111 2701 iisque
1127 2614 1194 2703 ipsi

86 2713 296 2806 grammatici
325 2735 393 2782 uon
420 2736 498 2780 raro
527 2723 740 2805 usurparunt.
792 2715 846 2782 De
871 2739 938 2802 qua
963 2738 1001 2783 re
1032 2739 1053 2783 a
1075 2716 1193 2784 Bastio

86 2816 341 2906 Schacferoquc
353 2817 559 2907 disputatum
572 2826 622 2885 est
634 2818 669 2885 iu
680 2818 856 2910 Epimetro
872 2818 916 2891 ll.
931 2817 976 2886 ad
989 2820 1092 2891 Arist.
1104 2820 1192 2892 Plut.

86 2919 326 3012 p.xxxvl11.
340 2943 411 3010 seq.
462 2921 568 3010 Atqui
587 2919 754 3012 originem
767 2930 881 2989 tamen
903 2923 1047 3011 aliquam
1065 2922 1195 2990 habere

87 3022 294 3091 consuetudo
318 3023 383 3091 ista
403 3022 516 3095 debet.
569 3023 648 3088 Non
673 3033 724 3088 est
746 3024 835 3091 enim
855 3024 1034 3109 credibile,
1060 3025 1089 3090 si
1109 3023 1193 3092 illud

87 3127 260 3194 soloccum
285 3134 352 3211 est,
385 3126 494 3196 subito
520 3122 753 3192 soloecismum
777 3123 943 3215 placuisse
977 3124 1110 3191 Graece
1138 3126 1192 3192 lo—

86 3229 275 3319 quentibus.
327 3229 435 3296 lmrno
448 3229 531 3296 istae
546 3252 567 3296 a
585 3227 731 3319 genuina
748 3222 886 3318 liuguae
898 3226 1028 3296 ratione
1053 3226 1192 3295 aberra-

84 3333 192 3400 tiones
207 3331 280 3399 fere
298 3354 339 3400 ex
356 3355 398 3400 eo
413 3341 511 3400 natae
526 3339 618 3417 sunt,
645 3330 739 3419 quod
754 3330 890 3416 imitari,
918 3353 1005 3420 quae
1021 3329 1114 3422 apud
1130 3355 1192 3400 au·

85 3435 195 3524 tiquos
209 3443 244 3502 et
257 3435 366 3503 bonos
382 3436 561 3525 scriptores
576 3434 789 3523 exquisitiora
806 3433 1016 3523 viderentur,
1041 3436 1077 3502 iu
1091 3434 1209 3503 laude¹

84 3537 340 3621 numerabatur3
366 3561 454 3628 quae
471 3537 685 3624 imitationes,
706 3560 811 3627 quum
831 3560 969 3605 caussae
989 3560 1049 3607 cur
1066 3538 1112 3604 illi
1127 3539 1190 3604 ali-

84 3639 221 3730 quando
236 3664 258 3706 a
279 3641 400 3732 regula
421 3640 642 3708 declinassent
658 3662 726 3707 non
746 3648 856 3709 essent
877 3641 958 3708 satis
977 3649 1189 3732 perspectae,

84 3732 278 3862 saepisqime
298 3743 332 3810 iu
346 3745 460 3812 vitium
478 3743 735 3835 degenerarunt.
787 3743 867 3810 Nou
883 3741 1032 3811 debebat
1053 3741 1192 3831 quidem

83 3842 310 3915 Sclmerderus
325 3846 360 3914 iu
373 3846 514 3939 Epicuri
532 3845 674 3936 epistola
688 3869 726 3936 p.
742 3843 803 3931 27,
818 3844 880 3916 84.
896 3838 960 3917 ἐόν
973 3871 1029 3925 τις
1042 3838 1190 3938 βοσκό-

84 3957 136 4034 (aa
157 3948 360 4037 defendere,
386 3972 497 4038 neque
513 3947 670 4017 Reislrius
688 3949 721 4015 iu
743 3947 918 4018 Demosth.
942 3970 991 4020 or.
1012 3948 1047 4015 in
1065 3948 1189 4019 Neaer.

82 4074 119 4143 p.
144 4049 266 4138 1374,
297 4049 358 4126 24.
386 4076 407 4120 e
428 4052 505 4123 cod.
529 4050 615 4122 Bav.
639 4049 741 4137 darc,
767 4043 831 4124 δοῖν
853 4045 891 4122 δ’
914 4051 1052 4139 εἴςειοι,
1078 4072 1191 4139 neque

82 4155 128 4221 ab
149 4154 221 4224 aliis
237 4155 319 4223 ferri
333 4155 427 4249 apud
446 4157 646 4246 Lycurgum
670 4151 757 4226 109.
780 4176 817 4245 p.
839 4150 925 4225 162.
948 4153 1017 4221 sive
1039 4176 1077 4245 p.
1101 4151 1189 4227 266.

82 4255 195 4330 Bekk.
220 4255 306 4331 212.
321 4257 459 4330 Reisk.:
486 4255 577 4330 ὅταν
597 4261 636 4330 ἐν
658 4261 735 4336 τοῖς
754 4252 878 4336 ὅπλοις
899 4249 1188 4350 ἐκστρατευόμε-

82 4357 143 4433 νοί
175 4362 253 4436 εἰσι.
303 4361 517 4432 Heinrichius
545 4359 592 4427 ibi
621 4360 703 4432 ἴωσι
728 4357 855 4448 edidit,
878 4356 972 4449 quod
995 4380 1063 4426 uon
1082 4357 1189 4427 ausim
