2842 4920
262 337 327 402 288
370 336 429 396 DE
456 335 751 399 lucHIMuuls
774 335 1088 404 ruouuuutu't
1107 336 1305 404 Bovlu0.

264 527 427 597 rationem
441 526 534 602 illam
553 535 692 618 putasse
706 520 852 597 numeris
875 527 1008 617 fractis,
1035 549 1179 617 quorum
1192 550 1368 622 pervaga-

266 641 320 701 tus
336 630 431 722 apud
446 639 577 701 veteres
591 631 665 700 illus
679 654 758 700 usus
772 631 844 701 fuit.
888 631 935 699 Et
951 653 1055 719 quum
1071 630 1140 699 duo
1155 633 1286 701 numeri
1300 633 1369 701 dif-

267 735 409 803 ferentia
423 715 482 802 'sua
492 734 714 827 multiplicati,
740 735 767 802 ei
784 734 869 803 alter
885 733 929 802 de
943 736 1050 803 altero
1065 733 1262 820 detrahitur,
1282 759 1370 825 qua-

269 837 401 906 dratum
424 836 636 906 differentiae
657 837 875 927 relinquant:¹
890 837 960 905 veri
985 837 1091 905 simile
1112 846 1179 925 est,
1213 860 1372 907 numerus

269 942 362 1027 illos,
389 941 447 1030 qui
461 941 613 1030 triquetri
628 963 701 1009 esse
720 940 864 1030 debent,
890 938 990 1008 2471
1009 949 1043 1010 et
1057 937 1179 1030 6299,
1204 941 1367 1010 differen-

269 1045 314 1112 tia
334 1066 411 1130 sua,
436 1067 525 1134 quae
547 1053 598 1113 est
621 1041 742 1130 3828,
772 1043 1026 1134 multiplicatos,
1060 1045 1241 1134 triquetroe
1259 1044 1369 1115 factus

269 1170 353 1235 esse,
379 1147 539 1217 duuntes
555 1148 720 1237 quadratu
735 1148 810 1234 tali,
837 1147 971 1237 qualem
988 1145 1175 1240 (leeigruvit
1188 1148 1371 1220 Archime-

269 1251 346 1336 des,
373 1250 466 1321 cuius
479 1251 611 1342 ringula
626 1251 732 1320 latera
750 1251 816 1320 siut
834 1248 997 1324 laterculi
1049 1249 1096 1321 Vt
1116 1252 1277 1344 exemplis
1296 1275 1371 1321 reru

270 1353 461 1438 declarem,
488 1349 566 1452 153
578 1362 614 1424 et
628 1352 681 1452 ll}
699 1353 928 1424 differentiam
949 1350 1078 1424 habeut
1098 1351 1141 1424 6:
1167 1377 1234 1445 qua
1255 1355 1371 1425 multi-

268 1457 382 1550 plicati
398 1457 452 1526 isti
469 1457 599 1527 numeri
617 1457 787 1549 praebent
805 1458 984 1547 triquetras
1000 1456 1049 1527 91
1073 1467 1107 1526 et
1128 1453 1199 1543 55,
1225 1481 1372 1549 quorum

269 1558 460 1631 differentia
474 1570 525 1633 est
538 1561 722 1650 quadretur
740 1557 802 1631 33.
851 1561 918 1631 Vel
933 1559 1009 1658 18}
1019 1567 1054 1629 et
1068 1559 1120 1658 3}
1134 1559 1298 1632 differunt
1308 1586 1373 1651 uu-⁴

269 1685 364 1737 meru
391 1662 546 1735 denario:
578 1663 699 1755 quael
714 1664 998 1756 multiplicantur,
1033 1665 1194 1734 exsistunt
1219 1666 1372 1756 triquetri

270 1764 348 1835 136
362 1774 396 1837 et
415 1765 484 1858 36,
507 1767 666 1851 distantes
687 1768 732 1837 alr
755 1791 792 1838 re
812 1768 956 1837 invicem
977 1767 1143 1856 quadratu
1159 1766 1246 1841 1⁰0.
1301 1767 1374 1838 Sed

269 1871 344 1958 ille,
377 1893 480 1960 quem
509 1870 734 1942 Archimedes
761 1871 917 1962 requirit,
952 1871 1134 1961 quadratus
1164 1893 1372 1965 permagnus

271 1981 332 2045 est.
383 1974 476 2047 Nam
490 1975 548 2064 qui
565 1976 721 2062 minimus
741 1985 792 2044 est
805 1996 979 2062 numerus,
1005 1972 1129 2060 3828,
1156 1997 1198 2043 ex
1218 1973 1272 2044 his
1297 1975 1372 2045 ele-

271 2076 391 2146 mentis
405 2086 549 2147 cunstat:
576 2077 611 2146 3.
625 2077 662 2153 4.
677 2077 738 2153 ll.
752 2077 812 2150 29.
829 2101 928 2168 quae,
954 2087 991 2148 ut
1004 2100 1109 2168 supra
1122 2077 1266 2164 dietum,
1283 2079 1372 2147 ruul-

220 2173 272 2244 1²
281 2179 464 2270 tiplicauda
484 2189 562 2249 sunt
576 2179 661 2253 hoe:
688 2177 775 2249 151.
793 2181 840 2249 ita
862 2189 900 2252 ut
919 2180 1004 2250 latus
1028 2180 1184 2268 quadrati
1201 2180 1372 2253 minimum

270 2280 397 2351 lrabeat
416 2283 584 2362 elementa
601 2281 636 2351 3.
652 2280 695 2356 4.
720 2281 781 2352 ll.
804 2280 864 2353 29.
889 2279 974 2353 151.
1027 2282 1245 2353 seruorum
1267 2306 1372 2376 qure-

126 2416 129 2423 ’
270 2385 351 2461 dam
364 2385 570 2481 geminanda
583 2393 698 2474 eruut,
723 2395 761 2459 ut
774 2386 860 2461 lutur
875 2384 959 2459 illud
973 2385 1099 2460 efficiat
1111 2386 1325 2461 laterculum.
