2842 4920
475 336 954 409 nlssERTATIO.
1200 356 1267 421 sos

156 535 300 629 puerile,
326 557 370 603 ne
385 533 580 629 hyperbole
592 536 743 626 quidem,
767 538 1152 631 qualesiratorumsunt,
1174 564 1263 634 pue-
1313 502 1314 507 δ

156 639 226 708 rilis
238 638 346 706 videri
362 638 497 727 debeat,
522 640 627 709 nisisi
641 639 782 760 modum
798 641 956 764 excedat:
983 643 1076 764 quod
1092 668 1197 734 quum
1213 647 1263 734 lit,

155 846 350 938 hyperbole
364 847 406 915 sit
427 846 719 938 reprehendenda.
772 849 806 916 N
808 871 847 915 ec
863 849 1020 940 profecto
1037 852 1072 919 in
1090 852 1146 945 iis,
1173 875 1262 943 quae

155 949 201 1018 de
222 950 291 1017 lilia
312 950 577 1041 Agamemnonis
600 949 681 1018 dicit
701 951 869 1040 Achilles,
896 952 1081 1042 quidquam
1101 957 1262 1046 estquod

155 1053 342 1143 vituperari
358 1055 476 1143 possit
527 1053 647 1121 Altero
659 1063 772 1123 autem
790 1055 881 1123 dicto
898 1068 990 1125 recte
1004 1056 1153 1127 offensus
1165 1060 1261 1129 vide-

154 1165 211 1223 bar
230 1156 449 1243 Aristoteles,
475 1155 554 1243 sed,
581 1169 722 1247 quaest
745 1159 926 1239 brevitate,
960 1182 1029 1228 non
1053 1161 1136 1231 dixit
1155 1186 1260 1255 argu·

155 1268 279 1333 menta.
329 1261 411 1327 Non
424 1259 707 1352 reprehendisset,
732 1263 864 1352 opinor,
892 1263 1012 1352 sihoc,
1039 1265 1167 1334 etnihil
1187 1290 1262 1339 am-

154 1363 244 1454 plius
264 1362 393 1434 diceret
417 1363 579 1431 Achilles.
629 1363 694 1432 Est
713 1366 804 1433 enim
820 1365 906 1434 haec
927 1365 1122 1458 hyperbole
1142 1392 1185 1438 ex
1201 1371 1261 1440 illo

153 1489 291 1558 genere,
318 1465 413 1556 quod
424 1488 487 1535 usu
503 1466 711 1541 debilitatum
727 1477 786 1537 cst.
827 1470 874 1538 At
888 1469 1003 1556 videat
1019 1471 1101 1540 mihi
1114 1474 1188 1563 quis
1204 1482 1261 1542 to-

154 1570 330 1637 tumillum
350 1570 487 1653 locum,
512 1569 610 1644 lliad.
627 1571 687 1639 lX.
708 1569 796 1645 319.

205 1717 289 1795 οὐδ
305 1725 343 1794 εἴ
351 1750 419 1813 μοι
436 1717 574 1804 daroma
588 1751 630 1797 aa
644 1723 705 1795 καὶ
721 1720 897 1807 εἰκοσάκις
910 1721 1003 1799 adca
1019 1725 1117 1824 δοίη,
1261 1729 1310 1799 la

205 1822 297 1897 ὄσσα
314 1826 412 1903 τέἱ
374 1852 394 1896 o
426 1824 493 1898 ιῦι
506 1853 605 1916 εστι,
631 1826 692 1900 καὶ
707 1829 874 1905 sicodor
890 1827 982 1905 ἄλλα
997 1832 1160 1923 γένοιτο·

206 1923 326 2000 οιῖδΗ
304 1953 349 2001 οσ
354 1924 414 2009 a
427 1923 935 2024 Ορχόμοιοιποτιιίσσεται,
955 1929 1076 2004 οὐδ”
1053 1957 1123 2005 οσα
1136 1924 1260 2028 Θήβας

204 2030 427 2123 Αἰγυπτίας,
454 2031 521 2106 ὅθι
533 2035 685 2105 πλεῖστα
702 2025 866 2123 δόμοις
845 2061 886 2106 ει
901 2030 1071 2128 κτήματα
1090 2041 1226 2125 κεῖται,

207 2129 291 2205 αἵδ’
309 2128 556 2226 ἑκατόμπυλοί
574 2137 660 2223 οῖσι,
690 2127 957 2233 διηκόσιοιδ
932 2165 978 2209 αι
1009 2131 1161 2235 ἑκάστην

204 2231 340 2361 ανδρες
349 2237 545 2327 ἐξοιχνεῦσι
563 2264 629 2310 σοι
646 2245 812 2311 ἵπποισιν
826 2237 884 2310 καὶ
898 2237 1065 2334 ὄχεσφιν

203 2334 288 2411 οο“δ
303 2340 340 2410 οἴ
348 2365 417 2431 μοι
432 2335 526 2412 τόσα
543 2338 691 2435 δοίη,
669 2367 737 2412 οοα
755 2335 935 2467 ψάμαθός
954 2371 994 2415 ιο
1009 2337 1107 2422 κόνις
1125 2371 1187 2431 τε,

204 2437 293 2513 οὐδέ
305 2468 365 2513 ιον
379 2441 424 2522 dic
441 2445 497 2516 ἔτι
512 2437 668 2533 θομόν’
651 2437 740 2533 enda
754 2440 880 2515 πείσει’
902 2439 1157 2534 Ἀγαμέμνων,

203 2544 290 2640 πρίν
304 2539 344 2636 γ’
359 2542 433 2617 ἄπο
449 2545 570 2616 πᾶσαν
586 2542 669 2635 ἐμοὶ
684 2537 837 2634 δόμοισι
851 2540 1044 2636 θυμαλγέα
1061 2540 1192 2647 λα’βηι.

152 2698 222 2765 Tot
236 2697 376 2765 abarum
389 2719 502 2765 rerum
517 2696 835 2767 commemoratione
847 2719 1049 2790 praegressa
1063 2722 1131 2767 uon
1150 2702 1259 2791 potuit

151 2824 265 2870 versus
281 2801 339 2869 ille
355 2802 403 2870 sic
419 2801 529 2887 adiici,
554 2810 593 2868 ut
603 2825 669 2894 pro
683 2811 762 2869 nota
776 2809 811 2869 et
826 2802 946 2869 usitata
960 2802 1088 2871 ratione
1098 2804 1259 2894 loquendi

150 2903 352 2972 haberetur:
388 2905 567 2997 langueret
589 2906 697 2976 enim:
730 2926 842 2994 neque
863 2928 945 2972 vero
974 2907 1121 2998 augendi
1142 2931 1259 2977 caussa

151 3017 230 3101 apte
251 3007 384 3077 additus
404 3017 470 3076 est:
496 3029 575 3081 nam
593 3009 654 3077 etsi
676 3030 796 3074 arenae
817 3007 945 3074 infinito
961 3008 1069 3076 maior
1084 3034 1186 3100 quam
1203 3011 1258 3078 di-
1279 3015 1281 3019 ’

149 3112 305 3181 vitiatum
324 3111 358 3179 iu
380 3107 589 3179 Orchomeni
606 3111 663 3179 vel
682 3109 880 3179 Thebarum
908 3108 1072 3178 thesauris
1098 3135 1257 3180 numerus

150 3224 211 3302 est,
236 3215 402 3284 minorem
416 3222 528 3282 tamen
543 3213 587 3281 ad
603 3215 731 3297 animos
746 3212 951 3281 audientium
959 3213 1027 3281 vim
1040 3213 1155 3305 habet,
1178 3217 1258 3306 quia

149 3318 339 3410 splendoris
367 3318 570 3411 cogitatione
599 3341 619 3384 a
645 3316 765 3386 divitiis
785 3317 850 3384 illis
873 3325 1060 3409 superatur.
1114 3319 1257 3388 Accedit

150 3421 261 3510 quod,
287 3444 376 3512 quae
393 3421 437 3489 de
450 3421 582 3490 Thebis
601 3420 732 3489 adiecta
749 3429 844 3506 sunt,
869 3420 937 3488 iam
954 3423 1062 3514 magis
1084 3424 1256 3521 composi-

149 3533 221 3592 tum
245 3525 395 3593 animum
424 3523 589 3615 produnt,
615 3546 718 3618 quam
746 3532 783 3591 ut
811 3523 924 3592 denuo
952 3523 1080 3616 aliquid
1108 3526 1256 3618 augendi
1349 3614 1353 3622 .

150 3650 267 3696 caussa
282 3627 396 3696 afferri
412 3628 596 3695 conveniat.
650 3628 820 3714 Quocirca
833 3649 902 3695 non
921 3628 1037 3720 inepte
1056 3629 1128 3719 quis
1150 3629 1255 3696 conii-

151 3732 233 3818 cito,
260 3754 349 3822 quae
371 3731 415 3799 de
432 3728 652 3800 Orchomeno
667 3738 701 3799 et
722 3730 853 3799 'lhebis
871 3730 1046 3814 dicuntur,
1073 3737 1255 3801 ornamen-
1389 3748 1393 3758 “

148 3843 220 3903 tum
244 3859 338 3920 esse,
373 3835 466 3925 quod
495 3835 578 3903 alius
599 3841 704 3928 pocta
727 3832 895 3902 addiderit
913 3833 1038 3902 omisso
1063 3855 1162 3903 versu
1185 3835 1254 3924 illo,

148 3937 182 4005 in
199 3938 327 4028 quode
343 3938 451 4006 arenis
465 3946 499 4005 et
513 3938 654 4030 pulvere
672 3945 731 4006 est
758 3936 911 4004 Namvel
925 3935 995 4004 hoc
1011 3957 1109 4006 versu
1128 3939 1254 4009 omisso

148 4042 204 4109 vel
217 4042 281 4109 illis
297 4041 409 4110 recisis
422 4049 504 4132 apta
521 4050 622 4131 atque
638 4042 774 4132 elegans
789 4040 850 4107 erit
868 4039 984 4110 oratio.

251 4144 324 4214 Sed
343 4145 580 4236 explicandum
599 4155 650 4212 est
663 4144 706 4211 de
721 4142 820 4211 tertio
835 4165 961 4234 genere
983 4142 1134 4228 dicendi,
1160 4146 1254 4234 quod
1308 4173 1309 4177 ¹

148 4248 209 4314 soli
222 4249 358 4316 inservit
370 4248 471 4315 animi
484 4247 708 4317 oblectationi.
735 4245 776 4312 ld
789 4254 969 4336 poetarum
982 4246 1157 4338 potissime
1169 4269 1252 4338 pro-

149 4353 262 4443 prium
281 4361 352 4438 est,
378 4374 484 4441 quum
501 4353 553 4421 vel
574 4350 830 4419 admirationem
850 4370 962 4417 rerum
982 4371 1178 4439 magnarum
1195 4373 1255 4418 ex-

1006 4494 1013 4542 l
