2842 4920
441 336 493 398 uu
510 332 931 410 uuusvuivrmvsevu
950 329 1000 399 a.
1203 289 1274 407 ssi

172 550 224 596 sus
245 527 424 615 sententie,
455 527 546 595 melu
567 525 800 595 emendatione
826 524 934 607 λαοῖς,
967 524 1070 619 longe
1100 526 1267 601 aberravit

171 630 325 721 Grotius,
360 653 465 720 quum
488 631 603 700 vertit:

321 805 404 853 eum
417 805 487 877 qaa
499 783 533 853 si
545 788 685 852 samias
703 782 862 874 reliquus
878 785 1163 877 emaparaveris.

167 937 286 1026 Neque
302 937 390 1004 enim
405 934 586 1003 obscurum
600 943 668 1023 est,
694 934 814 1004 decem
833 936 986 1027 priorum
998 958 1155 1005 versuum
1175 938 1264 1008 haue

168 1063 241 1107 esse
259 1040 471 1108 sententium:
497 1047 533 1109 et
546 1047 623 1107 tam
642 1060 715 1106 ιιοιι
734 1061 850 1130 aeque
861 1038 965 1108 aubis
980 1039 1067 1110 bene
1082 1051 1140 1110 est
1155 1052 1265 1134 atqae

167 1165 283 1211 sacra
297 1136 495 1234 sacimas?
524 1143 821 1234 quandoquidem
844 1143 917 1212 diis
938 1144 1000 1212 ὀἱα
1021 1145 1148 1213 decem
1169 1147 1264 1215 dra·-

167 1246 282 1315 chmie
295 1255 454 1338 emptam
471 1245 650 1313 avie-utam
665 1245 772 1336 daea,
782 1244 951 1315 tibicinas
960 1256 1094 1337 οαέοιιι,
1104 1266 1265 1342 uagata·

166 1359 259 1436 tam,
280 1347 486 1444 fidicinas,
521 1347 712 1435 Ἠιοολαηι,
749 1349 960 1442 anguillae,
994 1373 1160 1437 caream,
1193 1353 1265 1421 met

166 1452 400 1544 comparanti
425 1474 522 1544 pene
544 1452 723 1521 talentum
739 1450 797 1546 fit
818 1452 926 1529 ratio.
988 1452 1129 1522 Baream
1157 1477 1265 1545 quam

142 1559 144 1562 ’
165 1557 290 1623 decem
301 1555 569 1645 drachmarum
584 1555 754 1647 accipere
769 1577 836 1623 αοο
845 1578 997 1646 aequam
1012 1556 1071 1642 eit,
1088 1557 1182 1625 sisic
1193 1558 1264 1629 rite

165 1660 237 1726 diis
257 1680 373 1726 sacra
386 1657 509 1753 fiant,
534 1680 609 1750 pra
628 1658 702 1725 tttts
725 1666 847 1725 aatam
865 1659 918 1725 ad
932 1659 1025 1726 haee
1040 1660 1152 1728 etiam
1168 1662 1261 1729 mai-

164 1761 258 1844 tari,
303 1762 482 1852 quomoda
510 1783 582 1829 nea
610 1760 824 1852 duplicatur
854 1783 925 1852 pra
956 1763 1077 1831 sacris
1096 1759 1262 1832 malam?

162 1864 216 1932 Ex
236 1864 287 1930 his
310 1865 538 1955 consequitur,
569 1864 637 1934 hoe
656 1863 731 1934 fere
754 1863 858 1932 modo
881 1885 995 1934 versus
1017 1865 1091 1938 illos
1112 1867 1262 1935 seriben-

163 1967 223 2035 dos
248 1990 339 2037 esse:

326 2112 396 2191 εἶν’
414 2112 481 2208 οὐχ
500 2113 613 2210 ὅμοια
628 2111 841 2215 πράττομεν
858 2116 918 2190 καὶ
934 2111 1096 2211 δέομονς
1153 2164 1158 2173 -

325 2234 418 2310 ὅπου
433 2265 473 2330 γι
487 2243 564 2318 τοῖς
580 2243 680 2318 θεοῖς
693 2237 762 2328 μέν
778 2234 1028 2334 ἠγορασμένον

325 2354 496 2451 δραχμοῖν
515 2353 589 2448 ἄγω
609 2349 814 2451 προβάτιον
833 2349 1020 2452 οἷγαιιητόν
1039 2353 1139 2427 διίια·

324 2470 540 2569 αὐλητρίδας
555 2474 593 2545 δέ
609 2471 668 2543 aad
683 2467 803 2567 μύρον
819 2473 879 2544 aa}
895 2471 1070 2569 ψαλτρίας

323 2586 534 2684 συνάγοντι,
564 2584 703 2664 Θάσιον
709 2644 723 2679 ,
751 2592 923 2683 ἐγχέλεις,
949 2583 1080 2685 τυρόν,
1105 2590 1207 2682 μέλι,

321 2710 463 2808 μικροιΐ
475 2704 657 2783 ια’λαντον
673 2708 839 2802 γίγνεται
850 2703 896 2783 ud
916 2702 1012 2782 aare?
1029 2702 1146 2800 λόγον.

323 2828 494 2925 δραχμῶν
507 2829 575 2917 μέν
588 2822 732 2922 οἱγαδδν
746 2827 848 2911 ἄξιον
864 2827 907 2902 δν
923 2833 1047 2922 λαβεῖν
1064 2831 1146 2903 δέιια

323 2945 439 3043 ἡμᾶς,
463 2941 526 3021 ἐδν
542 2947 603 3020 ιιαὶ
617 2947 837 3045 καλλιερηθῇ
851 2954 927 3029 τοῖς
946 2954 1066 3038 θεοῖς,
1196 2996 1199 3000 -

320 3060 463 3139 τούτων
485 3068 523 3140 δέ
548 3067 607 3139 καὶ
630 3063 720 3167 πρδς
741 3064 850 3140 ταῦτ’
864 3063 1004 3142 α’νελεῑν
1027 3060 1095 3166 τήν
1112 3063 1255 3164 ζημίαν,

320 3185 393 3266 παῖς
408 3182 488 3276 οὐχὶ
502 3180 548 3259 αδ
563 3182 672 3262 ιιαιιδν
687 3187 760 3261 τῶν
774 3185 880 3286 tepuit
899 3179 1107 3273 διπλάζεται
1114 3215 1129 3278 ,·

154 3365 316 3443 'Atrida
338 3371 419 3438 dixit
438 3381 611 3462 tamquam
630 3373 674 3441 de
693 3374 861 3466 praemio:
887 3367 1030 3446 τούτων
1054 3373 1098 3441 de
1112 3380 1254 3462 utroque

154 3471 281 3537 dictum
299 3473 448 3558 videtur,
480 3476 574 3565 quod
596 3486 630 3544 et
651 3478 685 3544 in
707 3477 806 3545 saeris
828 3475 963 3544 sordide
983 3477 1095 3565 parci,
1122 3485 1156 3544 et
1177 3498 1254 3546 suas
1374 3483 1376 3486 ⁴

153 3574 188 3640 iu
210 3575 398 3666 voluptates
420 3577 528 3647 effuse
554 3579 692 3671 prodigi
718 3582 791 3648 siut
849 3571 1253 3666 Ηιιιο,ιι1)ἰτόιιαιιδν
1386 3626 1390 3635 -

152 3673 325 3846 ἔρι’γαδοῦ
364 3674 574 3767 διπλάζεται
611 3683 796 3774 exspectari
834 3689 992 3774 peterat,
1032 3680 1106 3754 auia
1146 3679 1252 3778 irpeir

179 3780 244 3846 ixit.
1227 3784 1231 3796 ’

254 3897 308 3965 De
329 3897 381 3965 his
403 3901 670 3988 quattuordecim
697 3902 855 3994 producti
880 3901 926 3975 dv
944 3898 1106 3990 exemplis
1125 3899 1151 3966 si
1166 3920 1250 3990 pro·
1336 3942 1339 3951 ·
1370 3916 1373 3921 “

151 3999 307 4068 habiliter
328 4001 584 4092 disputavimus,
611 4014 743 4073 cautum
757 4004 905 4089 videtur,
931 4027 990 4090 ue,
1017 4003 1044 4069 si
1059 4024 1145 4092 quae
1160 4000 1248 4069 forte

151 4103 453 4194 aliareperiantur‚
480 4106 670 4175 deterreant
689 4109 823 4176 criticas
838 4108 882 4176 ab
901 4103 1120 4173 emendando.
1159 4102 1248 4172 lllud
1312 4184 1313 4188 χ

150 4228 218 4275 uon
244 4230 531 4298 supervacaneum
569 4211 631 4281 erit
663 4210 849 4297 addidisse,
893 4207 1121 4278 Alexandrinis
1158 4228 1245 4296 quo-

920 4343 1036 4414 Bb2
