2842 4920
468 359 943 425 olssunuauto.
1200 366 1266 430 Μ

150 552 323 645 exemplo.
374 549 427 618 lbi
447 572 523 641 cap.
546 543 609 622 50.
630 573 701 640 seq.
735 550 887 623 Demeas
904 561 1036 640 orator,
1063 553 1263 643 simulatque

148 658 347 726 thesaurum
375 677 397 720 a
421 653 568 721 Timone
594 663 769 745 repertum
789 656 933 743 audivit,
960 655 1136 725 decretum
1158 658 1203 724 ab
1225 681 1262 726 se

150 762 315 852 scriptum
335 757 472 841 recitat,
507 779 550 826 ex
576 780 645 847 quo
675 758 731 826 ille
754 782 859 848 quum
884 770 1027 851 propter
1049 759 1114 827 aha
1133 769 1261 830 temere

149 867 234 933 ficta
255 862 395 948 merita,
428 870 500 928 tum
523 870 668 953 propter
681 849 852 953 ⁴plurimas
877 864 1030 932 victorias
1050 859 1262 954 Olympicas,

151 990 239 1057 quos
263 965 362 1035 ludos
380 987 423 1032 ne
444 973 657 1055 spectaverat
676 965 814 1054 quidem
831 989 1010 1056 umquam,
1037 990 1139 1034 aurea
1154 976 1263 1036 statua

152 1073 193 1138 sit
215 1067 455 1149 honorandus3
480 1090 561 1134 mox
581 1077 695 1136 autern
713 1092 893 1160 percussus
916 1093 936 1138 a
959 1071 1121 1156 limone,
1148 1093 1262 1138 arcem

152 1175 261 1241 abeo
282 1174 471 1259 incensam,
497 1193 685 1261 aurumque
707 1174 856 1242 ablatum
871 1174 1091 1242 vociferatur:
1115 1183 1152 1240 et
1174 1196 1263 1263 quae

125 1274 441 1354 .a1ia‚huiusmodi
470 1273 670 1344 facetissime
698 1277 746 1343 ibi
773 1277 942 1345 dicentem
972 1278 1053 1346 fecit
1079 1277 1260 1347 Lucianus

152 1381 240 1449 Sunt
270 1379 337 1447 hae
364 1377 600 1468 hyperbolae,
635 1379 730 1469 quod
758 1389 792 1449 et
820 1379 982 1448 laudandi
1004 1390 1040 1449 et
1066 1380 1263 1449 criminandi

153 1504 272 1550 caussa
286 1505 330 1550 ea
346 1481 512 1568 dicuntur,
538 1505 627 1573 qnae
637 1480 744 1572 quivis
758 1484 871 1552 videat
888 1485 964 1575 plus
978 1507 1058 1552 vero
1073 1484 1262 1570 continere:

151 1586 313 1654 ridiculae
331 1594 444 1652 autem
459 1594 537 1653 sunt
553 1609 607 1675 eo,
633 1587 723 1675 quia,
750 1610 854 1677 quum
869 1589 977 1679 gratia
995 1587 1164 1654 concihari
1178 1610 1263 1678 pos-

152 1691 195 1758 sit
206 1688 403 1757 extollendis
417 1710 506 1777 qnae
521 1690 596 1780 quis
609 1690 740 1777 fecerit,
766 1690 952 1760 absurdum
968 1700 1020 1758 est
1032 1713 1108 1758 eam
1123 1699 1263 1780 captare

152 1791 391 1885 praedicandis
413 1792 472 1878 iis,
505 1816 594 1881 quae
618 1795 694 1884 quis
718 1816 786 1861 non
808 1794 942 1881 fecerit,
975 1817 1016 1861 ac
1041 1816 1083 1861 ne
1113 1793 1264 1885 potuerit

153 1896 292 1986 quidem
314 1895 443 1963 iacere:
480 1896 670 1986 eademque
691 1899 792 1965 etiam
810 1898 1076 1966 criminationum
1095 1897 1180 1966 ratio
1202 1904 1262 1964 est

152 1999 353 2092 Intelligitur
369 2020 413 2066 ex
431 1999 489 2066 tali
508 2003 685 2092 exemplo,
710 2023 779 2091 qua
799 2002 991 2069 conditione
1008 2001 1141 2068 mentiri
1154 1999 1264 2091 possit

152 2102 358 2195 hyperbole.
391 2102 509 2171 Potest
521 2113 604 2191 tum,
631 2127 735 2194 quum
749 2127 819 2173 non
834 2104 1043 2197 persuadere
1058 2104 1152 2194 quod
1165 2125 1264 2172 men-

153 2207 249 2294 titur,
278 2205 339 2274 sed
350 2215 493 2297 propter
511 2207 753 2277 absurditatem
766 2208 869 2278 rideri
884 2210 963 2280 vult
1017 2207 1058 2275 ld
1075 2217 1142 2294 est,
1169 2205 1265 2297 quod

153 2311 247 2378 initio
268 2308 481 2395 dicebamus,
508 2314 823 2404 exaggerationem,
849 2313 930 2402 quia
948 2311 1041 2380 credi
1064 2311 1265 2403 postularet,

153 2436 222 2482 non
237 2435 310 2482 esse
326 2412 553 2505 hyperbolen.
607 2415 725 2499 Quare
740 2418 818 2503 etsi,
845 2417 904 2505 qui
923 2415 1103 2483 adulantur
1121 2415 1177 2482 vel
1197 2413 1264 2481 ob-

155 2525 318 2605 trectant,
346 2518 637 2608 transgrediuntur
656 2520 741 2586 fines
762 2519 854 2605 veri,
875 2541 917 2585 ac
942 2539 1047 2607 saepe
1063 2539 1158 2584 mera
1178 2537 1265 2606 pro-

154 2620 267 2688 ferunt
287 2619 479 2705 mendacia,
513 2629 628 2688 tamen
652 2622 732 2711 quia
750 2621 858 2689 videri
879 2643 961 2689 vera
981 2619 1113 2703 dicere,
1146 2618 1265 2686 sinon

155 2725 324 2811 omnibus,
356 2733 392 2790 at
420 2724 621 2814 quibusdam
643 2726 777 2812 volunt,
811 2734 846 2793 et
868 2726 902 2793 in
924 2722 1095 2793 adulando
1124 2719 1265 2811 quidem

154 2828 356 2919 plerumque
368 2827 409 2895 iis
430 2850 515 2916 quos
533 2828 709 2897 adulantur
729 2829 823 2920 ipsis,
846 2830 881 2896 in
901 2827 1123 2897 obtrectando
1140 2823 1315 2894 auteml'l

155 2932 244 3017 aliis,
265 2952 336 2998 non
349 2939 486 2999 utuntur
504 2931 716 3024 hyperbole,
743 2931 805 3000 sed
821 2932 1085 3023 exaggeratione
1106 2930 1162 3003 vel
1177 2938 1265 2999 atte-

155 3035 331 3102 nuationer
356 3034 392 3101 in
412 3058 480 3125 qua
495 3036 524 3103 si
540 3037 760 3119 mentiuntur,
783 3036 870 3103 sicut
889 3035 1079 3124 omnesqui
1094 3033 1265 3102 mentiun-

155 3147 223 3222 tur,
248 3138 419 3206 latiturum
435 3162 509 3207 esse
522 3139 736 3208 mendacium
751 3146 898 3230 sperant.
938 3139 1028 3207 Nam
1047 3143 1166 3228 aperte
1179 3135 1266 3203 falsa

156 3241 271 3309 dicere
294 3264 363 3312 non
384 3249 435 3309 est
455 3244 604 3333 mentiri,
642 3243 704 3313 sed
723 3252 782 3312 aut
801 3241 938 3330 ludere,
965 3249 1024 3310 aut
1046 3262 1179 3320 errare,
1207 3245 1266 3309 aut

156 3364 225 3413 non
238 3367 341 3413 sanae
354 3348 475 3415 mentis
489 3370 573 3415 esse.

259 3498 417 3568 Revocat
433 3501 503 3569 hoc
520 3499 604 3569 mihi
617 3500 653 3568 in
667 3508 815 3570 mentem
829 3522 888 3587 ea,
915 3521 1004 3588 quae
1018 3518 1129 3589 nuper
1148 3492 1192 3562 de
1211 3495 1266 3562 iu-

157 3599 251 3668 diciis
271 3603 481 3695 capitalibus,
497 3628 585 3695 quae
598 3604 788 3696 Areopago
801 3602 978 3696 Ephialtes
999 3598 1170 3693 eripuerit,
1197 3595 1267 3664 dis-

155 3712 276 3796 putata
295 3714 380 3775 sunt.
427 3709 539 3776 Recto
563 3710 599 3776 in
615 3731 656 3775 ea
670 3731 708 3776 re
725 3717 826 3799 atque
838 3707 1033 3797 incorrupto
1047 3702 1172 3770 iudicio
1187 3722 1266 3768 usus

158 3816 210 3874 est
228 3809 319 3876 Petu.
343 3808 432 3879 Guil.
454 3811 829 3901 ForchhammeruS,*)
856 3832 961 3898 quum
982 3829 1055 3876 rem
1077 3803 1268 3873 confectam

158 3913 286 3981 censuit
306 3913 569 3985 lucidentissimo
584 3915 774 3984 testimonio
789 3911 1045 3999 Demosthenis,
1073 3908 1165 3978 cuius
1180 3908 1268 3979 haee

243 4217 273 4302 *)
316 4221 392 4280 Post
406 4219 489 4280 hunc
504 4221 593 4282 etiam
608 4219 660 4278 alii
675 4217 780 4279 dehac
795 4237 902 4276 caussa
910 4170 1115 4295 disputarunt,
1137 4227 1268 4290 qnorum

158 4305 197 4366 de
217 4306 373 4368 sententiis
397 4306 486 4367 docte
505 4306 647 4367 disseruit
674 4306 741 4363 Car.
765 4303 815 4363 nr.
836 4302 1024 4362 Hermannus
1045 4297 1078 4358 in
1105 4295 1270 4358 Annalibus

156 4390 461 4473 Heidelbergensibus
476 4415 503 4487 a·
519 4395 611 4460 1880.
627 4392 699 4452 fasc.
719 4389 782 4453 VII.
800 4409 830 4470 p·
845 4391 1039 4456 689-701.
