2842 4920
125 316 216 441 ἰιι
356 391 364 413 ·
486 370 545 434 uu
579 370 849 441 rranrcvna
879 367 928 479 σε

155 590 214 638 σιν
229 564 282 661 εἴη
303 567 422 635 ποιεῖν
446 563 470 635 ἁ
463 559 754 658 προκαλεῖται,
780 560 868 638 ἄνευ
882 560 1113 664 Ἀθηναίων
1140 569 1267 648 παῖδες

154 661 225 762 γαρ
255 665 355 758 coeio
376 664 435 736 καὶ
457 671 620 759 γυναῖκες
643 692 717 762 παρ
754 662 879 748 αὐτοῖς
900 669 1031 763 εἴησαν.
1067 669 1266 762 Xenophon

153 770 243 843 Hist.
263 768 324 837 Gr.
342 767 401 835 111
421 767 455 855 2,
479 766 540 840 23.
561 764 859 864 ἀποκριναμένων
881 770 919 844 δέ
937 769 1011 843 coir
1033 765 1267 845 Ηλείοινότι

155 868 200 946 ον’
222 864 413 967 ποιήσαιεν
434 871 571 944 ταῦτα
605 875 788 968 ε’πιληιδας
813 899 883 968 γαρ
906 873 1024 962 ἔχοιεν
1043 868 1110 954 τοῖς
1131 868 1263 956 πόλεις.

153 973 243 1043 Vide
254 973 507 1066 Antiphontem
523 997 560 1064 p.
577 970 662 1043 tw.
687 985 721 1043 et
736 975 913 1045 Demosth.
934 999 969 1066 p.
990 971 1051 1062 15,
1067 975 1127 1045 22.
1149 975 1265 1063 1220,

154 1076 216 1151 ll.
239 1099 333 1166 seqq.
359 1076 457 1144 Plato
480 1077 601 1169 Symp.
618 1098 656 1169 p.
679 1077 767 1151 201.
789 1079 833 1151 A.
884 1078 962 1148 Alia
983 1079 1079 1149 dedit
1096 1078 1264 1149 Matthiae

151 1203 204 1274 gr.
221 1181 282 1250 Gr.
299 1174 334 1275 §.
351 1177 439 1252 529.
457 1189 525 1251 not
542 1179 577 1252 3.
893 1220 897 1226 ·

202 1332 414 1504 64{ecunda
441 1332 551 1403 forma
583 1333 843 1428 interrogatione
876 1335 1072 1404 continetur.
1133 1331 1261 1426 Odyss.

152 1440 184 1512 δ.
279 1487 288 1504 .

620 1582 772 1666 δύναιτό
784 1617 825 1683 γε
840 1587 899 1663 καὶ
913 1582 960 1663 τό
975 1591 1139 1665 τελέσσαι
1146 1618 1160 1683 ,·

151 1744 174 1814 Ι.
189 1765 219 1812 e.
233 1750 406 1836 putemne
420 1763 500 1815 eum
520 1743 616 1814 adeo
630 1742 700 1811 hoc
716 1765 847 1815 σαειιαι
861 1738 970 1811 ease?
994 1741 1057 1811 Est
1073 1743 1161 1813 enim
1174 1741 1262 1814 haec

150 1846 360 1930 formandis,
385 1853 424 1913 ut
439 1846 636 1913 sententiam
653 1846 838 1937 cuiuspiam
853 1845 1005 1935 exquirat
1024 1846 1068 1914 de
1089 1869 1141 1934 eo,
1167 1849 1279 1937 quodr

150 1958 245 2018 recta
256 1949 407 2016 oratione
419 1971 484 2040 per
498 1947 713 2017 indicativum
729 1948 880 2038 dicimus,
903 1942 1058 2021 δύναται
1073 1949 1261 2024 τοῦτο-τε-

150 2052 297 2142 λέσσαι,
321 2051 375 2119 De
387 2050 457 2118 hoc
475 2054 602 2143 genere
622 2052 711 2119 bene
732 2051 911 2142 explicavit
925 2050 1095 2143 Reisigius
1108 2053 1142 2120 in
1165 2077 1261 2122 conr-

39 2236 42 2240 *
149 2153 353 2222 mentatione
366 2153 410 2220 de
426 2151 472 2223 οἷν
490 2153 656 2243 particula
668 2176 704 2243 p.
723 2151 810 2224 132.
830 2176 926 2242 seqq.

252 2253 371 2322 Tertia
385 2253 497 2321 forma
517 2277 559 2322 ea
576 2264 645 2340 est,
673 2276 760 2345 quae
777 2271 844 2345 pro
865 2252 1062 2341 indicativo,
1090 2277 1168 2323 cum
1189 2258 1263 2328 aliis

148 2357 260 2426 verbis
275 2358 419 2424 inrecta
440 2357 591 2426 oratioue
609 2366 801 2427 constructo
818 2358 1004 2452 optativum
1021 2356 1138 2429 habet.
1192 2355 1262 2429 So-

127 2456 130 2467 '
146 2458 291 2552 phocles
305 2459 392 2528 Phil.
409 2458 495 2532 61⁰.

252 2612 290 2694 ὃς
309 2607 371 2731 δή
371 2641 420 2685 τα
437 2642 460 2684 τ
466 2609 576 2685 αλλ
591 2609 735 2733 αὐτοῖσι
751 2607 848 2686 ποίντ
854 2608 1071 2688 ἐθέσπισεν
1079 2667 1093 2702 ,

251 2715 310 2786 καὶ
323 2741 413 2785 ταπι
405 2714 547 2810 Τροία
558 2712 723 2839 πέργαμ
738 2713 782 2795 οἷς
798 2711 842 2788 ov'
853 2709 907 2812 μή
919 2742 1010 2787 ποτε

250 2817 419 2912 πέρσοιεν
428 2865 440 2904 ,
468 2819 503 2889 εἰ
513 2843 565 2911 μη
558 2810 695 2891 τόνδε
711 2816 898 2898 πείσαντες
913 2810 1006 2913 λόγῳ

251 2912 713 3018 αγοιντονήσοατῆςδΗ,
695 2948 741 3016 ep
776 2949 816 3017 ης
830 2948 926 2993 ναιει
941 2946 1066 2993 ταναν
1150 2933 1153 2936 ’

146 3072 237 3140 Nam
258 3079 373 3140 rectae
390 3073 546 3143 orationis
565 3082 656 3159 erat,
683 3069 728 3155 oie
748 3069 792 3145 οὐ
808 3067 861 3169 μή
875 3100 965 3146 ποτε
980 3072 1193 3168 πέρσοτισιν,
1225 3072 1260 3142 εἰ

145 3201 205 3346 ριρρ1
216 3173 414 3349 σ’ἱγοντριρἶ
431 3177 479 3245 Et
495 3177 563 3244 hoc
579 3176 718 3268 quidem
732 3199 860 3268 genere
875 3175 956 3244 nihil
971 3174 1178 3265 frequentius
1196 3180 1256 3243 est

204 3302 261 3369 yss
287 3306 312 3351 a.

934 3409 1189 3509 wmd'omw

248 3508 359 3606 νήσου
375 3510 437 3589 ἐπ’
437 3512 637 3640 έσχατιρς,
663 3511 730 3589 ὅθι
739 3515 900 3642 δένδρεα
918 3541 1041 3613 μακρα
1055 3512 1221 3642 πεφύκει,

248 3611 446 3744 κλήθρκρ’
406 3646 429 3688 τ
460 3612 618 3712 αἴγειρός
633 3646 657 3691 τ
663 3613 848 3743 ἐ’λατη
809 3646 833 3691 τ
864 3614 909 3714 ἦν
923 3614 1187 3716 οαρανομήκης,

250 3748 323 3794 αοα
338 3713 472 3815 παλαι,
499 3719 692 3818 περίκηλα,
720 3716 769 3795 τοί
786 3749 822 3794 οι
815 3715 991 3796 πλώοιεν
1002 3723 1173 3819 ἐλαφροῖς.

34 3887 36 3891 ‘
149 3871 256 3968 Quae
264 3872 388 3967 facile
406 3883 546 3944 natare
567 3876 745 3944 crederet.
796 3873 876 3944 Hoc
892 3872 1030 3963 quidem
1048 3876 1128 3943 loco
1153 3876 1254 3944 etiam

146 3998 213 4068 pro
232 3977 441 4046 coniunctivo
461 3987 574 4046 rectae
591 3979 747 4047 orationis
761 3978 891 4070 positus
904 3977 1011 4045 videri
1027 3987 1140 4071 potest
1153 3988 1254 4072 opta·
1308 4046 1310 4051 s

97 4086 100 4093 ’
146 4079 250 4162 tivuS,
276 4080 460 4168 siquidem,
486 4089 524 4148 ut
546 4104 649 4173 supra
669 4081 893 4204 ostepdimus,
920 4080 963 4148 ab
976 4081 1162 4150 Homerico
1179 4106 1252 4150 ser-

146 4204 248 4250 mone
267 4204 335 4249 non
363 4182 525 4251 abhorret
544 4184 656 4252 dici
631 4215 654 4257 α
677 4177 860 4268 uitiorum,
885 4183 923 4251 id
941 4195 980 4251 ut
1005 4186 1047 4253 sit
1073 4185 1117 4252 de
1139 4187 1253 4253 consi-

146 4286 191 4354 lio
208 4285 353 4370 dictum,
381 4307 476 4377 quae
493 4295 635 4374 natent,
661 4295 784 4379 prout
804 4309 850 4356 ea
864 4295 1003 4360 natent.
1055 4288 1252 4357 Herodotus

146 4389 174 4460 1.
188 4386 293 4458 31ss
265 4416 309 4471 ας
324 4387 362 4462 δέ
378 4416 473 4462 κατα
487 4415 553 4462 τον
576 4394 709 4466 Τέλλον
726 4378 1020 4488 προετρέψατο
999 4417 1019 4464 ο
1038 4387 1168 4465 Σόλων
1183 4418 1252 4464 τον
