2842 4920
67 371 71 377 ’
195 365 259 429 m
559 357 615 418 DE
636 356 930 420 uncurnnuls

298 547 370 618 Sed
383 548 489 616 multo
502 548 637 616 maioris
649 549 809 616 momenti
825 556 876 617 est
896 547 1125 637 interpretatio
1138 569 1298 624 sonuum

196 645 373 720 35-40.
394 651 434 719 ln
450 650 504 719 bis
519 650 680 741 scriptum
695 660 768 720 erat
782 645 830 723 τοί
845 647 882 722 δ’
900 645 948 723 ατί
960 643 1162 745 περιμήκεα
1175 645 1300 748 ποίντῃ

196 755 404 848 πίμπλαντο
421 752 576 826 πλίνθου
596 753 790 850 Θρινακίης
802 750 919 826 πεδία.
958 750 1098 838 llfirum,
1114 776 1167 821 ne
1185 753 1300 822 dicam

196 859 346 948 ineptum
360 856 534 948 epitheton
550 867 599 924 est
617 879 775 925 arvorum
788 850 1006 952 περιμήκεα,
1023 857 1206 946 vmultoque
1224 880 1299 925 ma·

197 961 248 1053 gis
264 960 366 1051 friget
382 958 534 1026 additum
554 954 681 1054 ποίντῃ.
733 961 812 1027 Non
825 981 891 1050 ego
911 957 1046 1026 credam
1067 960 1113 1026 sic
1130 959 1193 1027 ista
1212 961 1298 1027 scri-

197 1064 305 1155 psisse
327 1062 576 1131 Archimedem.
630 1063 744 1146 Quare
766 1062 865 1152 posui
885 1054 934 1133 τοί
947 1056 985 1133 δ’
1000 1055 1049 1132 αι’
1065 1062 1148 1156 πέρι
1165 1056 1306 1159 prinae,

199 1159 316 1260 ποίντῃ
349 1163 558 1256 πίμπλαντο
591 1165 747 1238 πλίνθου
781 1162 972 1259 Θρινακίης
998 1161 1124 1235 πεδία·
1150 1187 1298 1254 quorum

147 1269 197 1338 lu
205 1268 387 1336 verborum
399 1267 455 1334 hic
468 1291 583 1336 sensus
597 1276 663 1336 est:
689 1269 795 1335 latera
808 1276 921 1335 autem
929 1266 1144 1334 circumcirca
1152 1268 1196 1335 ab
1204 1269 1297 1336 omni

196 1380 293 1463 parte
307 1369 400 1460 quod
420 1369 551 1458 attinet,
578 1370 745 1439 laterculis
766 1370 993 1462 implebantur
1014 1370 1125 1461 campi
1140 1369 1297 1440 'Ilrrina-

197 1475 277 1541 ciae.
332 1467 463 1566 Μήνεα
482 1481 611 1541 constat
625 1474 730 1542 latera
748 1473 813 1541 dici
831 1473 1081 1562 quadratorum.
1131 1472 1298 1554 Πλίνθος

196 1584 288 1644 recte
307 1576 474 1666 explicata
490 1598 509 1642 a
529 1576 679 1645 Struviis.
735 1575 937 1655 Πλινθίδας
956 1575 1124 1643 communi
1140 1597 1298 1644 sermone

196 1687 319 1748 vocant
340 1701 497 1746 numeros
525 1671 639 1760 ἰσοίιιις
661 1681 759 1759 ίοους
783 1673 1024 1757 ἑλοττονοίιιις.
1076 1678 1166 1746 Hinc
1188 1687 1297 1770 patet,

196 1805 264 1851 non
284 1782 328 1850 de
354 1789 425 1849 toto
444 1781 628 1872 quadrato,
654 1780 716 1849 sed
735 1781 778 1852 de
796 1782 933 1874 singulis
958 1781 1026 1849 eius
1043 1780 1202 1848 lateribus
1224 1805 1298 1872 serf

195 1908 330 1954 monem
357 1907 448 1952 esse:
487 1884 693 1974 invenirique
720 1884 846 1953 debere
875 1906 1051 1952 numerum
1082 1883 1297 1973 quadratum,

196 1989 287 2056 cuius
302 1989 434 2079 singula
446 1988 552 2055 latera
568 1986 833 2056 honorationem
846 1986 1013 2058 habeant:
1039 1981 1090 2064 al.
1118 1987 1277 2080 (ιι-1)).

299 2089 441 2158 Gravim
461 2091 560 2158 etiam
581 2099 727 2159 erratum
748 2091 850 2158 estin
868 2090 1088 2182 explicatione
1102 2091 1296 2177 verborum,

196 2215 283 2283 quae
299 2215 330 2265 v.
345 2191 405 2260 39.
423 2192 470 2258 sic
485 2193 613 2283 scripta
632 2193 847 2286 legebantur:
874 2191 996 2290 σχῆμα
1014 2192 1237 2274 τελειοῦντες
1251 2186 1297 2268 ‘cd

134 2374 136 2379 ,
196 2287 482 2387 τρικροίσπεδον,
525 2292 612 2368 οὔτε
646 2289 851 2389 προιόντων
890 2288 1095 2392 οἱλλοχρόων
1134 2289 1295 2391 ταύρων,

196 2393 280 2470 οὔτ’
297 2398 586 2488 ἐπιλειπομένων.
639 2399 706 2466 Hic
722 2398 878 2491 profecto
897 2398 991 2466 nimis
1014 2420 1131 2466 secure
1147 2395 1295 2492 scholia-

196 2508 282 2569 stam
298 2498 430 2589 sequuti
447 2509 523 2568 sunt
538 2501 747 2593 interpretes.
787 2501 834 2571 At
849 2501 918 2569 sive
933 2500 990 2569 ille
1008 2502 1081 2593 ipse
1097 2508 1295 2595 computare

194 2605 339 2672 rationes
361 2602 439 2670 istas
462 2613 599 2672 conatus
624 2616 691 2690 est,
718 2606 787 2674 sive
805 2605 848 2672 ab
863 2604 929 2673 alio
943 2614 1085 2697 accepta
1097 2606 1227 2692 retulit,
1252 2607 1295 2673 il-

194 2706 254 2773 lud
275 2714 431 2797 apertum
445 2715 512 2796 est,
538 2707 619 2774 nihil
633 2709 676 2775 ab
693 2731 734 2775 eo
753 2708 891 2775 allatum
906 2730 997 2793 esse,
1024 2707 1118 2797 quod
1134 2706 1295 2776 difficilli-

194 2833 286 2877 mam
313 2817 446 2900 partem
466 2810 685 2900 problematis
708 2812 920 2902 explanaret,
946 2809 1104 2879 sedeatis
1130 2833 1208 2879 eum
1230 2811 1295 2879 ba-

194 2913 324 2999 buisse,
358 2920 507 2979 mentem
536 2913 766 3000 Archimedis,
798 2912 888 2982 et-id
911 2936 1047 3003 quoque
1069 2914 1293 3006 negligenter,

193 3015 359 3084 indicare:
386 3015 446 3083 nisi
463 3016 536 3104 quis
555 3017 725 3103 ostendat,
753 3017 811 3106 qui
826 3018 927 3108 positi
942 3017 986 3086 ab
1004 3039 1046 3084 eo
1063 3018 1139 3084 ¹sumt
1152 3019 1293 3104 numeri,

195 3117 368 3209 quomodo
389 3142 453 3210 per
466 3119 645 3189 fractiones
664 3131 698 3189 et
718 3120 937 3210 quadratum,
964 3121 1022 3210 qui
1037 3120 1233 3209 requiritur,
1261 3129 1294 3188 et

193 3223 371 3312 triquetros
389 3222 546 3295 efficiant.
582 3225 689 3291 Nobis
707 3223 855 3313 quidem,
881 3223 939 3313 qui
955 3224 1066 3314 ipsum
1082 3224 1293 3315 epigramma

194 3333 270 3393 ante
288 3325 403 3392 oculos
426 3324 628 3412 habeamus,
656 3324 724 3394 hoc
745 3327 874 3418 potius,
908 3348 1010 3415 quam
1030 3327 1196 3418 interpres
1220 3328 1292 3412 isto,

66 3466 68 3473 >
194 3426 398 3495 audiendum
420 3435 479 3494 est
531 3429 579 3496 At
596 3428 759 3518 quidhoc
776 3437 842 3498 est:
868 3429 1045 3496 badiorum
1068 3437 1103 3497 et
1123 3429 1292 3498 variorum

193 3540 365 3598 taurorum
380 3552 504 3620 greges
521 3531 687 3602 coniuncti
706 3545 884 3600 numerum
901 3533 1101 3621 triquetrum
1115 3533 1291 3624 praebent,

194 3657 303 3724 neque
330 3632 553 3703 adnumeratis
577 3635 660 3703 alius
694 3636 814 3703 coloris
845 3636 964 3722 tauris,
1005 3658 1116 3725 neque
1144 3637 1292 3704 relictis?

194 3736 300 3822 Quod
318 3737 442 3805 Struvii
458 3736 582 3823 volunt,
608 3733 693 3810 οὔτ’
707 3739 988 3830 ἐπιλειπομένων
1004 3737 1214 3807 abundanter
1228 3739 1291 3807 ad-

194 3840 300 3907 ditum
316 3863 407 3926 esse,
434 3839 468 3906 id
487 3849 536 3908 est
557 3841 707 3910 iniuriam
723 3841 837 3910 facere
860 3841 1013 3934 scriptori
1026 3842 1290 3935 epigrammatis.

182 3943 281 4021 ‚Nam
302 3944 366 4012 ista
390 3943 528 4032 quidem
547 3968 616 4013 non
641 3947 750 4041 solum
773 3945 904 4038 inepta,
930 3943 992 4014 sed
1022 3946 1125 4038 plane
1145 3944 1291 4016 absurda

189 4280 230 4340 At
250 4277 324 4338 nihil
343 4279 469 4360 prodest
487 4280 667 4359 quadratus,
694 4281 753 4342 nisi
769 4281 857 4342 etiarn
877 4279 1034 4364 triquetri,
1058 4300 1188 4360 quorum
1206 4281 1233 4342 ia
1246 4282 1290 4341 in:

189 4365 348 4427 tervallum
369 4365 424 4442 sit,
446 4365 627 4429 indicantur.
