2842 4920
202 362 267 427 tlo
331 357 382 418 ba
403 350 739 417 insculaulonluvs
764 351 992 430 Qvlnvsnaar
1007 352 1185 443 sanaem.

256 540 382 643 δμωᾰν
395 543 599 641 Δωροθέας
614 565 666 637 με’
675 541 858 639 ναχοίρνοι
871 537 940 640 τήν
957 538 1164 638 ὁμόδουλον

308 651 497 744 παρθένον
511 649 559 728 air
572 642 699 745 Ἀΐδην
715 642 812 721 εἶδον
828 644 1101 743 οἱπερχομέναν·

181 790 188 805 κ
257 751 346 850 ὄρνι
361 752 400 826 δὲ
417 743 485 825 cdv
499 745 637 845 duaopi
653 742 741 840 χοιέο
756 745 897 839 xalooo'
911 744 1103 849 α’πόδημον

252 894 258 904 ·
308 849 469 952 νύμφιον
481 856 519 925 ἐν
534 848 709 946 πελάγους
725 847 823 926 εἶδον
838 850 1092 949 ἐπερχόμενον.

204 1028 313 1097 Immo
333 1026 435 1118 plane
454 1045 521 1091 non
543 1031 659 1117 potest
679 1022 744 1092 alia
761 1024 863 1117 primi
884 1021 1019 1091 distichi
1042 1025 1207 1095 sententia
1227 1050 1314 1115 esse,

205 1153 309 1223 quam
330 1129 433 1196 baec:
465 1149 567 1215 „me,
594 1125 756 1195 famulam
777 1125 991 1214 Dorotheae‚
1018 1127 1225 1221 sepelierunt
1247 1158 1314 1203 τα-

205 1233 354 1331 gripum,
379 1253 474 1300 suam
492 1252 697 1323 conservam
705 1235 726 1271 “

306 1358 387 1426 Non
418 1354 628 1448 probabilior
659 1364 709 1424 est
734 1356 840 1425 altera
868 1356 1076 1445 coniectura,
1118 1355 1314 1454 Ταχείριον

204 1482 328 1531 nomen
351 1460 454 1528 fuisse
480 1455 672 1532 defunctae.
731 1461 822 1528 Nam
842 1467 881 1527 ut
902 1459 1148 1531 concederetur
1177 1459 1314 1550 Ταχοί-

205 1589 288 1662 ριον
306 1570 516 1632 contractmn
530 1584 603 1630 esse
625 1585 668 1632 ex
686 1560 947 1658 Ταχυχείριον,
973 1571 1087 1633 tumen
1108 1563 1222 1657 primo
1237 1585 1314 1632 me-

203 1677 294 1737 trum
317 1673 542 1758 repugnaret:
577 1666 746 1758 correptio
770 1665 859 1734 enim
880 1693 924 1740 ον
950 1667 1102 1758 syllabae
1124 1674 1204 1736 ante
1228 1688 1314 1735 con-

204 1777 381 1841 sonantem
402 1791 469 1838 non
490 1768 598 1860 magis
620 1792 699 1838 cum
725 1768 938 1862 correptione
956 1770 992 1838 in
1005 1762 1199 1851 δεσπόταις
1209 1793 1314 1861 quam

206 1896 283 1942 cum
304 1874 379 1961 illa,
413 1894 501 1963 quae
527 1872 632 1941 estin
654 1871 837 1969 παχείριον
856 1866 945 1968 τήν,
968 1881 1086 1964 potest
1111 1874 1311 1966 comparari.

203 1976 336 2048 Deinde
363 1985 477 2045 autem
504 1984 674 2068 pugnaret
698 1998 814 2045 secum
835 1975 1061 2069 epigramma,
1076 1966 1139 2067 *lsi¹
1151 1976 1314 2046 defuncta

202 2081 260 2149 bic
283 2078 500 2173 Ταχείριον,
533 2085 743 2148 morantem
757 2068 909 2174 Κυπρία
935 2088 1124 2154 vocaretur.
1176 2077 1312 2171 Opina-

203 2185 304 2252 batur
325 2182 468 2250 fortasse
488 2181 706 2268 wolckerus,
739 2182 774 2249 in
799 2180 903 2255 domo
925 2183 1124 2253 Dorotheae
1145 2205 1222 2252 eam
1244 2205 1312 2251 non

202 2308 264 2355 sno
286 2285 420 2352 nomine
442 2282 624 2374 Copriam,
657 2291 801 2377 propter
819 2284 1044 2378 significatum
1066 2287 1136 2356 eius
1160 2286 1311 2371 numicio,

202 2387 266 2466 aad
283 2386 480 2482 Ταχείριον
503 2408 576 2455 esse
595 2388 786 2456 vocitatam
846 2389 893 2456 At
913 2389 950 2457 id
967 2391 1114 2484 scriptor
1136 2389 1312 2483 epigram-

192 2491 301 2562 matis
318 2488 413 2560 hand
427 2489 529 2559 dubie
544 2491 662 2583 paullo
682 2491 802 2559 clarius
816 2490 1011 2582 indicasset,
1039 2516 1143 2585 quam
1162 2493 1215 2563 his
1232 2516 1312 2562 ver·

201 2595 253 2665 bis
269 2594 368 2683 fecit,
397 2590 540 2687 οὔνομα
556 2591 730 2691 Κοπρίαν
752 2589 798 2684 μ’
815 2587 1012 2685 οἰνόμαοαν
1031 2598 1196 2692 γενέται,
1222 2618 1310 2687 quae

203 2698 373 2768 communi
385 2696 548 2786 loquendi
564 2697 810 2766 consuetudine
831 2696 913 2766 nihil
935 2696 1203 2792 significant'nisi
1228 2722 1310 2788 „no

201 2801 353 2872 minabat
375 2797 545 2890 Copria.“
603 2799 677 2869 Sed
705 2801 779 2892 ipsc
801 2800 967 2870 sentiebat
992 2803 1210 2891 Weickerus,
1242 2802 1311 2871 bae

201 2906 256 2985 ria
279 2903 363 2972 nihii
384 2902 523 2995 proficit
556 2925 674 2972 verum
695 2903 731 2971 in
754 2903 883 2972 ratione
905 2904 1082 2975 reddenda
1107 2907 1223 3000 lapsus
1248 2916 1311 2992 est,

200 3030 308 3101 quum
328 3006 478 3098 scripsit:
504 3005 574 3076 sed
594 3004 758 3097 χείοοοαι
776 3019 1019 3100 conpeteret
1042 3011 1120 3101 aine
1139 3008 1309 3080 substau-

203 3114 276 3185 tiuo
290 3111 376 3181 dici.
428 3111 518 3178 Nam
533 3109 582 3178 sic
600 3110 715 3200 potius
738 3109 920 3195 dicendum
934 3123 1024 3184 erat:
1050 3107 1200 3188 θοῖπνον
1218 3111 1309 3181 indi-

201 3240 287 3311 gere
307 3213 533 3284 substantivo:
562 3212 727 3302 χνίονσαι
752 3223 884 3299 autem,
911 3217 1006 3305 quod
1025 3239 1094 3306 quo
1114 3217 1193 3285 loco
1211 3216 1309 3307 posi-

200 3331 273 3388 tum
300 3330 351 3386 est
377 3317 478 3409 plane
513 3337 581 3383 non
616 3337 703 3406 opus
735 3314 842 3384 babet
872 3318 1095 3408 substantivo,
1135 3320 1309 3413 postulare

201 3432 257 3508 ut,
293 3419 388 3511 quod
410 3440 649 3513 praegressum
671 3419 713 3488 sit
737 3419 997 3512 substantivum,
1031 3424 1165 3518 generis
1188 3423 1231 3493 sit
1254 3423 1308 3492 fe-

200 3548 325 3598 mmmr.
1281 3579 1286 3593 .

265 3714 268 3718 ,
304 3645 452 3733 Semper
471 3642 574 3735 igitur
592 3641 760 3711 reiicimur
777 3642 822 3711 ad
836 3642 916 3713 istos
931 3644 1146 3740 παχονρίοοο.
1200 3645 1308 3732 Quod

201 3750 452 3842 sicogitamus,
485 3746 548 3814 tria
558 3747 670 3840 prima
681 3746 823 3815 disticha
836 3747 936 3818 totius
949 3749 1174 3841 inscriptionis
1189 3750 1224 3818 in
1236 3771 1307 3818 uno

201 3856 307 3922 latere
328 3852 453 3942 scripta
473 3873 560 3938 csse,
587 3850 683 3940 quod
700 3851 785 3919 latus
807 3850 834 3918 si
853 3848 1005 3937 deesset,
1037 3875 1126 3944 quae
1145 3853 1307 3921 inaltero

202 3958 308 4026 latere
333 3956 492 4045 leguntur
513 3955 665 4043 quemvis
688 3976 755 4047 pro
782 3953 914 4046 integro
940 3956 1185 4048 epigrammate
1203 3955 1307 4024 habi-

202 4071 333 4139 turum;
359 4057 432 4148 ipsa
452 4064 564 4124 autem
584 4057 691 4126 latera
712 4056 829 4125 formis
846 4057 1032 4127 litterarum
1052 4059 1204 4129 nonnihil
1219 4060 1307 4127 inter

202 4189 239 4233 se
253 4160 408 4231 differre:
434 4180 502 4226 non
523 4161 632 4228 solum
653 4161 803 4252 potuisse
818 4161 912 4249 fieri,
938 4162 1115 4231 sedetiam
1129 4162 1307 4230 verisimile

203 4291 276 4336 csse
293 4261 492 4350 fatebimur,
514 4271 552 4331 ut
564 4271 636 4331 tota
649 4264 820 4356 inscriptio
833 4286 902 4333 non
913 4288 1035 4360 exano
1048 4266 1306 4359 epigrammate,

202 4371 263 4440 scd
286 4392 328 4438 ex
342 4364 492 4452 duobus,
519 4366 625 4437 altero
648 4368 682 4435 in
705 4367 855 4457 sinistro,
882 4369 989 4438 altero
1009 4370 1044 4438 in
1058 4368 1179 4440 dextro
1199 4372 1306 4438 latere
