2842 4920
536 362 622 423 Lis.
646 361 670 424 1.
715 360 812 424 CAP.
833 361 884 424 14.
1219 361 1264 426 16

152 560 202 628 Fit
220 558 291 626 hoe
316 563 429 625 autem
450 553 516 639 ita,
541 561 580 621 ut
596 552 728 621 sublata
750 521 959 639 conditione,
987 550 1079 621 cuius
1103 551 1262 621 indicium

152 673 199 732 est
214 660 281 749 ἄν,
308 662 435 728 incerta
458 658 566 725 oratio
579 656 613 723 in
629 663 757 723 certam
778 664 942 741 mutetur,
968 657 1106 746 eiusque
1126 667 1263 732 eontra-

151 768 235 834 rium
252 765 469 856 intelligatur.
521 758 763 850 Aristophanes
779 758 913 831 Eccles
931 757 1018 832 stt,
1065 832 1072 847 .

682 896 689 907 ⁰
741 907 823 985 ἀλλ’
850 905 936 985 [eutr
962 909 1174 1013 ε’πειθόμην.

150 1069 243 1137 Male
266 1066 457 1136 Brunckius
478 1064 601 1152 edidit,
636 1059 719 1137 ἀλλ’
741 1058 827 1137 [duis
852 1063 897 1136 ἄν
919 1060 1112 1162 ἐπιθόμην.
1166 1073 1261 1142 Per-

152 1172 322 1257 suasisti,
347 1169 408 1238 ubi
424 1170 561 1238 videro.
613 1166 733 1234 Idem
724 1191 758 1234 ιιι
772 1168 928 1237 Nubibus
943 1193 974 1238 v.
993 1169 1106 1245 1338

250 1318 470 1420 έδιδαξαμην
500 1322 628 1414 μέντοι
655 1347 695 1392 σε
722 1315 767 1416 νη
796 1320 884 1410 Δι’,
909 1351 935 1394 ω
924 1317 1114 1419 μελε,

251 1433 372 1500 τοῖσιν
399 1423 550 1504 δικαίοις
578 1419 797 1550 ἀντιλέγειν,
826 1453 856 1496 ει
852 1412 1004 1498 ’editu'
1029 1457 1068 1521 με

250 1531 392 1622 μέλλεις
416 1555 445 1614 μ
488 1523 715 1612 οἱναπεέσειν,
741 1553 786 1606 ως
809 1526 948 1601 δίκαιον
974 1557 1034 1601 ιιαι
1060 1527 1172 1605 ιιαλόν

251 1659 320 1704 τον
346 1632 487 1727 πατέρα
514 1623 699 1701 τύπτισθ
724 1627 822 1701 ἐστὶν
848 1623 920 1702 siud
945 1631 1018 1705 uuis
1044 1636 1158 1708 οιέ.ων

152 1787 229 1856 si
203 1809 276 1855 sine
295 1784 401 1852 ironia
422 1783 580 1872 loquutus
599 1788 703 1864 esset,
729 1778 931 1850 dixisset
887 1810 952 1854 οοιι
975 1783 1021 1857 uis
1040 1784 1260 1909 ἐδιδαξάμην
1385 1855 1389 1862 .

152 1916 198 1963 σε.
233 1888 469 1978 Aeschinesp
487 1881 573 1957 175.
601 1882 705 1973 (368.
733 1879 770 1979 §.
791 1883 896 1976 181)
880 1881 1008 1977 )ταχιι
1020 1884 1090 1988 yde
1110 1893 1259 2015 Τίμαρ-

151 2019 213 2082 χον
246 2018 268 2087 η
292 2017 359 2063 τον
384 1989 547 2063 κίναιδον
575 1989 822 2085 Δημοσθένην
854 1991 952 2061 εἴασε
985 1989 1258 2070 πολιτευεσθαι.

151 2094 278 2165 Omnes
305 2093 362 2161 hic
385 2093 461 2161 libri
481 2088 683 2159 omittunt
658 2118 704 2162 αν
713 2144 728 2180 ,
755 2090 897 2181 quod
866 2093 928 2160 vlri
949 2093 1041 2163 docti
1060 2120 1128 2166 non
1148 2102 1258 2194 magis

150 2199 322 2268 debebant
340 2218 530 2289 reponere,
556 2217 659 2285 quum
676 2220 771 2283 ταχυ
777 2248 791 2283 ,
817 2196 995 2287 proprium
1012 2202 1197 2272 orationis
1186 2227 1258 2273 ιιο-

149 2302 259 2389 nicae,
292 2301 327 2368 in
354 2326 451 2388 ταχα
479 2307 620 2371 mutare
671 2296 850 2367 Bekkerus
878 2310 992 2369 tumen
1018 2330 1111 2395 ταχυ
1137 2334 1160 2400 μ
1202 2336 1257 2383 αν.

149 2405 257 2474 Recte
278 2408 360 2473 verd
381 2403 497 2471 libri.
517 2402 623 2470 Sine
614 2400 721 2468 ironia
741 2399 931 2471 diceret
886 2429 952 2475 οοιι
967 2402 1013 2478 ἄν
1033 2408 1142 2482 εἴασε.
1194 2410 1260 2479 Di-

148 2508 333 2577 narchus
322 2531 358 2575 ιιι
384 2507 453 2574 fine
486 2506 641 2573 orationis
668 2504 703 2572 in
731 2505 1014 2598 Aristogitonem:
1048 2508 1188 2598 ναέται,
1231 2510 1261 2587 ω’
1378 2498 1379 2501 ¹

149 2607 374 2736 Ἀθηναῖοι,
391 2606 489 2682 τίαν
506 2610 631 2681 οἱεσθε
657 2607 809 2730 ποιῆσαι
832 2607 985 2690 ε’νεινους
1006 2605 1091 2692 τούς
1114 2611 1259 2711 ἄνδρας,

149 2711 374 2809 λαβοντας
350 2741 372 2810 η
397 2738 603 2808 στρατηνον
625 2737 647 2806 η
669 2704 808 2807 ῥήτορα
829 2711 1016 2843 πολίτην*
998 2714 1138 2789 caveus
1159 2719 1259 2841 δῶρα

151 2811 390 2940 διχόμενον’
372 2841 428 2888 επι
448 2840 525 2895 τοις
545 2813 610 2910 τῆς
629 2815 803 2910 πατρίδος
823 2819 1074 2939 σομφέροηοιν
1083 2873 1096 2907 ,
1131 2827 1168 2893 οἱ
1190 2817 1258 2897 τόν

150 2913 346 3016 α’λλότριον
363 2945 424 2990 ιιαι
441 2916 495 3012 τῷ
515 2917 610 3009 μένει
636 2943 696 3043 ηαι
713 2917 760 3012 τῇ
780 2911 890 3040 ηύσει
911 2946 976 3041 της
998 2915 1214 3004 Eiiu'doc*
1188 2953 1258 2998 αν-

150 3031 303 3144 θρωπον
328 3018 424 3094 οὕτω
441 3018 583 3098 δικαίως
599 3045 659 3088 ιιαι
680 3013 873 3141 σωηρόηως
888 3016 1095 3117 εξὴλαοαν’
1077 3051 1115 3096 ενι
1134 3031 1258 3100 Πελο-

150 3117 334 3253 ποηνησοα
348 3117 484 3247 πηῖσηςς
499 3115 691 3240 τοιγάρτοι
700 3119 777 3244 τῆς
777 3115 911 3202 πολεως
919 3123 979 3194 ιιαι
988 3151 1061 3195 των
1069 3150 1258 3221 προγονων

152 3223 256 3310 α’ξέιος
272 3219 525 3300 ἐκινδύνευσαν
539 3250 629 3323 προς
643 3215 710 3297 τόν
725 3216 928 3321 βαρβαρον.
962 3226 1140 3296 Postrema
1154 3233 1259 3301 verbu

150 3330 209 3398 nisi
230 3331 358 3398 ironice
382 3328 548 3421 accipias,
582 3329 684 3422 plane
706 3327 821 3420 inepta
840 3336 931 3399 sunt.
965 3329 1028 3398 sed
1051 3353 1128 3400 cum
1152 3333 1259 3404 ironia
1373 3364 1379 3383 ι

150 3432 239 3502 dicta
253 3434 409 3502 eximiam
425 3433 494 3501 vim
507 3431 644 3501 hubent.
683 3429 798 3499 Voluit
813 3433 902 3500 enim
915 3441 1028 3502 orator
1043 3435 1111 3505 hoc
1128 3436 1259 3511 dicere:

150 3537 266 3630 digne
281 3536 424 3606 seilicet
441 3544 478 3605 et
494 3535 639 3605 civitate
658 3542 694 3603 et
709 3533 909 3605 maioribus
922 3537 1129 3631 periclitati
1150 3555 1259 3614 erunt
1381 3552 1382 3555 ’

151 3642 334 3710 adversus
349 3637 570 3728 barbarum,
589 3639 760 3709 sinesin
780 3639 894 3710 civem
912 3642 1259 3718 animadvertissent
1328 3723 1335 3746 Ι

149 3744 264 3815 etium
277 3744 448 3818 sevesius.
