2842 4920
149 354 211 416 164
490 347 548 410 DE
572 346 850 409 annulavit
872 341 919 411 ίίν

150 540 206 630 qui
234 535 384 624 iuberet,
419 560 487 605 non
513 537 624 628 potuit
647 559 715 603 non
748 537 935 628 optativum
960 557 1101 627 ponere.
1156 535 1264 621 Quod

95 722 99 727 Ι
149 641 274 710 ibidem
291 641 390 709 affert
405 640 610 710 Schaeferus
626 662 668 708 ex
681 639 776 710 Iliad.
791 643 822 714 d.
839 639 898 711 93.
918 668 949 739 η.
965 637 1026 707 48.

254 792 276 892 ἦ
291 789 340 892 ῥοί
356 790 399 868 νύ
411 793 479 887 μοί
492 823 531 866 ει
544 793 675 866 πίθοιο
683 821 698 886 ,·

149 975 217 1019 non
238 958 303 1036 est,
329 958 367 1016 ut
386 950 459 1041 ipse
480 948 667 1016 existimare
683 944 832 1031 videtur,
859 946 986 1013 dictum
1006 946 1147 1031 omissa,
1173 967 1266 1035 quae

151 1053 307 1122 addenda
331 1052 466 1134 fuisset,
493 1052 676 1142 particula,
703 1050 765 1118 sed
786 1050 864 1138 quia
893 1047 1040 1117 conditio
1065 1050 1176 1116 abest:
1200 1072 1264 1118 ve-

151 1158 242 1226 lisne
264 1154 352 1222 mihi
372 1150 546 1222 odedire?
571 1156 660 1221 Nam
677 1154 734 1220 ubi
757 1154 842 1219 inest
861 1153 1026 1238 conditio,
1054 1151 1100 1225 ἄν
1124 1159 1174 1220 est
1199 1152 1265 1219 ad-

151 1259 349 1343 iiciendum,
375 1267 411 1326 ut
435 1258 470 1324 in
491 1280 532 1326 eo
556 1280 672 1344 versu,
700 1256 758 1346 qui
778 1256 814 1322 in
834 1257 951 1346 priore
972 1258 1050 1323 loco
1073 1257 1183 1324 statim
1207 1279 1264 1324 se-

152 1364 281 1453 quitur,

256 1511 378 1610 τλοιίης
392 1542 451 1587 κεν
465 1507 645 1610 Μενελάῳ
658 1512 877 1609 ἐπιπροέμεν
893 1505 1008 1601 τοχιίν
1024 1504 1080 1584 ἰόν
1088 1539 1102 1602 ,·

152 1672 286 1762 Nempe
302 1668 335 1738 si
349 1666 429 1760 quis
444 1676 612 1761 teroget.
647 1667 752 1758 Apud
765 1666 942 1734 Platonem
955 1666 1107 1757 Euthyd.
1120 1690 1157 1757 p.
1175 1664 1263 1739 292.

152 1774 194 1843 Ε.
218 1774 294 1841 libri
311 1793 494 1839 consensu:
521 1769 579 1842 καί
598 1768 687 1864 ὅπερ
708 1771 829 1860 ἔλεγον
840 1824 854 1857 ,
881 1769 950 1840 τοῦ
968 1771 1048 1840 ἴσου
1067 1767 1154 1864 ἡμῖν
1171 1772 1268 1842 ἐνδεῖ

154 1876 177 1971 ἢ
194 1878 249 1949 ἔτι
266 1876 413 1952 πλέονος
434 1866 524 1967 πρός
540 1866 586 1944 cd
603 1874 738 1943 εἰδίναι
753 1871 806 1951 τίς
827 1868 914 1943 ποτ’
931 1871 1028 1943 ἐστίν
1046 1900 1066 1965 η
1084 1865 1266 1967 ἐπιστήμη

154 1979 291 2075 ἐκείνη,
319 1976 342 2071 ἢ
365 1974 458 2069 ἠμοῖς
481 1972 698 2064 εὐδαίμονας
713 1968 907 2068 ποιήσειεν.
961 1975 1265 2043 Sentiebatvitium

153 2080 390 2163 Heindorfius‚
416 2077 473 2164 qui
499 2071 642 2171 ποιήσει
670 2076 830 2165 scriptum
853 2077 1016 2150 malebat.
1044 2079 1194 2170 suppleri
1211 2086 1265 2144 ta·

153 2206 231 2250 men
250 2181 294 2247 ad
316 2180 502 2270 optativum
517 2177 562 2249 οἲν
576 2200 678 2268 posse
692 2188 800 2246 ratus:
826 2179 862 2244 in
878 2201 946 2267 quo
962 2178 1096 2246 fallitur.
1152 2178 1266 2272 Opta-

153 2285 238 2352 tivus
255 2282 393 2371 quidem
408 2288 500 2348 recte
521 2303 557 2348 se
575 2280 697 2366 habet,
724 2279 786 2347 sed
800 2286 836 2346 ut
858 2281 899 2347 sit
914 2282 1070 2348 orationis
1094 2283 1267 2371 obliquae,

155 2410 257 2478 quarn
272 2385 318 2453 sic
336 2385 491 2451 restituet
518 2381 577 2454 καί
604 2379 693 2476 ὅπερ
714 2384 836 2475 ἔλεγον
852 2383 921 2455 τοῦ
937 2385 1016 2454 ἴσου
1033 2381 1120 2477 ἡμῖν
1137 2388 1266 2475 ἐνδεῖν,

155 2488 401 2558 constructione
435 2487 509 2574 illa,
548 2486 591 2554 de
624 2507 692 2574 qua
723 2484 849 2553 dictum
882 2486 928 2555 ad
962 2486 1077 2579 Vigor.
1106 2510 1141 2580 p.
1177 2484 1265 2560 745.

154 2590 241 2662 751.
258 2590 344 2660 894.

680 2793 737 2862 Vl.

224 2946 290 3015 De
312 2944 522 3039 optativo
549 2956 717 3016 rectae
744 2946 978 3018 orationis
1006 2968 1104 3015 com
1129 2944 1195 3020 οίν.

257 3102 328 3168 lam
352 3101 498 3191 denique
522 3101 702 3170 dicendum
729 3111 780 3172 est
804 3103 848 3171 de
871 3105 1009 3195 optativi
1031 3125 1093 3170 usu
1119 3125 1180 3191 eo,
1207 3102 1267 3192 qui

155 3204 295 3297 adiungi
307 3206 457 3295 postulat
472 3206 671 3295 particulam
688 3204 743 3278 ἄν.
785 3207 899 3295 Atque
914 3230 955 3273 ex
969 3208 1018 3292 iis,
1046 3229 1132 3294 quae
1145 3205 1266 3274 hacte-

156 3331 217 3375 nus
235 3307 425 3393 dictasunt,
452 3308 528 3374 satis
540 3308 681 3396 planum
693 3332 765 3376 esse
778 3319 947 3400 putamuS,
977 3309 1153 3401 propriam
1167 3309 1266 3377 huius

157 3409 406 3477 constructionis
422 3410 490 3476 vim
505 3432 577 3476 esse
591 3433 691 3497 eam,=
704 3420 740 3477 ut
754 3412 867 3502 opinio
881 3434 956 3478 cunr
973 3412 1165 3480 conditione
1182 3435 1265 3479 con-

156 3513 268 3581 iuncta
291 3512 507 3602 significetur.
560 3512 624 3579 Vix
654 3515 760 3580 ullum
789 3515 868 3583 huic
893 3517 1013 3582 rationi
1041 3514 1266 3582 declarandae

157 3617 266 3707 aptius
287 3615 480 3705 exemplum
495 3615 632 3683 inveniri
644 3617 784 3708 poterit,
812 3640 915 3707 quam
940 3618 1024 3687 illud
1044 3606 1207 3710 Aeschyli
1231 3619 1265 3685 in

156 3720 225 3810 Ag.
243 3715 354 3789 1057.

261 3866 362 3950 ἐντος
379 3867 415 3943 d’
429 3870 475 3942 οίν
491 3867 582 3942 οέσοι
600 3869 791 3965 μορσίμων
806 3868 1064 3969 ἀγρευμάτων,

260 3969 402 4046 πείθοι’
418 3972 484 4063 ἄν,
512 3977 547 4046 εἰ
558 3971 717 4046 πείθοι’·
747 3971 939 4069 ἀπειθοίης
953 3972 989 4048 δ’
1005 3978 1096 4056 ἴσως.

157 4110 355 4181 Dubitanter
370 4111 457 4178 enim
470 4111 597 4179 dictum
612 4107 753 4184 πείθοι’
769 4108 834 4200 dv,
862 4115 940 4202 quia
953 4135 996 4180 ex
1009 4135 1051 4181 eo
1064 4111 1203 4205 pendet,
1229 4121 1268 4183 ut

157 4215 293 4308 placeat
316 4212 525 4281 Cassandrae
550 4213 705 4282 obedire:
733 4214 803 4282 sine
820 4217 1011 4285 conditione
1028 4226 1142 4286 autem
1155 4213 1267 4289 οἷπει-

159 4318 274 4416 θοίης,
300 4317 394 4408 quod
408 4317 443 4384 id
457 4325 553 4408 putat
567 4317 717 4385 futurum
733 4340 806 4386 esse
825 4318 959 4393 chorus.
1003 4321 1080 4389 Alia
1097 4319 1267 4410 quaedam
