2842 4920
162 371 225 435 1t4
517 366 576 429 DE
602 365 867 427 Pnuulcvul
890 361 938 430 όν

161 563 231 630 παῖ
234 611 248 646 ,
279 558 316 630 εί
333 583 389 639 τις
408 553 454 633 όν
475 549 552 628 α’πό
574 556 641 629 cod
655 550 767 652 πόρος
786 554 1029 652 πρσςγίνοιτο.
1082 555 1141 626 Sic
1169 558 1272 628 etiam

161 660 255 730 Vlll.
270 659 304 747 3,
322 658 382 728 26.
401 669 435 727 et
453 659 532 727 alibi
546 659 751 752 saepissime.

262 830 320 900 Ad
333 830 402 900 hoc
414 853 522 924 genus
544 828 796 899 constructionis
816 829 986 922 pertinent
1001 830 1103 899 etiam
1117 833 1271 924 particu-

160 938 214 1004 lae
233 931 278 1016 οίς
294 943 328 1004 et
350 931 463 1023 ὅπως,
491 933 672 1026 primodo
694 933 940 1026 significantes,
966 957 1054 1024 quae
1076 936 1273 1028 saepissime

160 1063 237 1109 cum
259 1038 412 1131 optativo
438 1044 475 1105 et
498 1035 544 1109 οἷν
569 1037 823 1129 coniunguntur.
876 1037 966 1105 Nam
988 1038 1087 1107 etiam
1112 1040 1184 1107 sine
1202 1039 1271 1109 illis

160 1142 332 1237 particulis
357 1138 464 1209 oratio
486 1141 673 1231 optativum
698 1147 734 1208 et
752 1137 798 1212 σίν
820 1138 977 1209 habitura
998 1150 1098 1214 esset.
1149 1142 1272 1212 Xeno-

158 1246 266 1340 phon.
280 1241 366 1313 Hist
382 1243 444 1312 Gr.
457 1243 533 1317 Vll.
549 1245 583 1332 1,
600 1242 662 1317 21.
689 1245 763 1316 iusi
777 1241 816 1315 δὲ
832 1238 1016 1333 ε’λθόντες,
1043 1243 1098 1340 τῷ
1105 1244 1175 1338 μὲν
1192 1244 1272 1340 θεῷ

159 1346 267 1423 οὐδὲν
287 1341 546 1435 ἐκοινώσαντο,
573 1344 667 1427 ὅπως
697 1341 743 1416 oio
769 1372 791 1442 η
816 1338 938 1444 εἰρήνη
963 1349 1127 1440 γένοιτο,
1161 1343 1271 1422 αὐτοὶ

159 1448 200 1526 dd
219 1443 466 1545 ἐβουλεύοντο.
516 1449 605 1518 Vide
628 1449 687 1517 Ill.
710 1446 800 1535 2,1.
826 1448 885 1516 lV.
911 1448 946 1534 l,
970 1450 1031 1521 40.
1056 1450 1116 1523 Vl.
1139 1449 1176 1538 4,
1203 1449 1267 1520 28.

157 1551 335 1628 Demosth.
352 1578 389 1648 p.
407 1547 494 1641 195,
506 1551 572 1637 21.
600 1549 688 1642 345,
707 1548 767 1618 11.
794 1550 882 1639 932,
895 1551 955 1621 22.
975 1554 1106 1622 Platon.
1121 1553 1270 1625 Phaedr.

155 1683 193 1754 p,
217 1657 304 1730 231.
327 1657 370 1729 Α,
424 1655 658 1729 conferendus
681 1652 728 1724 ad
751 1677 830 1725 eum
856 1654 1030 1752 dialogum
1049 1655 1269 1727 Heindorlius

257 1931 397 2002 Addam
408 1929 461 2001 his
476 1929 569 2001 aliud
585 1951 694 2024 genus
710 1931 850 2024 optativi
867 1932 901 2002 in
921 1932 1082 2000 sententia
1098 1931 1268 2001 conditio-

156 2036 223 2106 nali
241 2059 318 2105 cum
334 2036 500 2127 particula
516 2033 562 2107 όν
578 2035 777 2122 consociati,
805 2035 898 2102 cuius
919 2036 1004 2103 ratio
1025 2059 1131 2125 quum
1147 2037 1268 2104 lateret

156 2140 244 2208 viros
274 2139 410 2225 doctos,
452 2136 638 2206 tollendum
665 2136 854 2204 iudicarunt
880 2135 947 2225 ἄν,
981 2146 1020 2203 ut
1044 2137 1267 2208 Thierschins

155 2239 251 2332 apud
272 2239 456 2310 Pindarum
477 2229 576 2307 Nem.
601 2238 675 2306 Vll.
699 2237 786 2308 131.
814 2241 849 2310 εἰ
868 2234 908 2312 δ’
928 2233 1024 2311 αὐτό
1044 2239 1104 2311 καί
1118 2235 1207 2322 θεός
1222 2240 1267 2315 ἂν

156 2345 244 2435 ἔχοι.
296 2344 414 2412 Potest
439 2344 486 2411 ita
508 2341 618 2434 accipi
641 2341 741 2409 etiam
759 2341 843 2408 illud
861 2341 1095 2435 Xenophontis
1118 2345 1153 2411 in
1173 2345 1267 2413 initio

154 2447 323 2541 Agesilai,
355 2446 415 2514 uhi
442 2445 646 2514 Schaeferus
670 2445 913 2513 removendum
939 2446 1098 2514 censebat
1121 2444 1184 2520 oio:
1222 2441 1267 2520 σό

155 2546 226 2672 γόρ
242 2549 288 2623 οίν
310 2548 424 2632 καλός
438 2550 541 2641 ἔχοι,
569 2551 605 2620 εἰ
618 2545 679 2621 ὅτι
693 2550 818 2629 τελέως
840 2541 931 2644 α’νηρ
949 2543 1089 2642 ἁγαθός
1109 2552 1265 2642 ἐγένετο,

155 2657 218 2726 δια
234 2653 348 2726 τοῦτο
373 2649 457 2726 οὐδὲ
478 2645 637 2744 μειόνων
657 2649 703 2722 σίν
724 2644 899 2743 τογχοίνοι
915 2650 1080 2724 ἐπαίνων.
1135 2653 1266 2738 Quam·

147 2766 257 2845 ¹quam
280 2755 364 2823 nihil
387 2754 531 2848 impedit
551 2754 632 2844 quin
654 2752 711 2820 hic
732 2753 827 2822 locus
850 2753 948 2824 etiam
972 2755 1019 2822 sic
1042 2755 1265 2848 intelligaturr

152 2859 292 2928 malum
308 2867 420 2944 esset,
445 2857 497 2944 ei,
525 2856 624 2950 quod
636 2855 932 2949 perfectissimae
943 2857 1089 2928 virtutis
1102 2859 1160 2927 vir
1170 2858 1264 2952 soit,

153 2985 200 3033 ne
213 2962 412 3034 tenuiorem
428 2962 574 3056 quidem
582 2970 713 3055 posset
730 2961 983 3032 laudationem
998 2961 1173 3031 nancisci.

255 3135 459 3205 Tenendum
482 3143 533 3204 est
552 3141 684 3219 autem,
711 3132 805 3222 quod
821 3133 865 3201 ad
886 3135 1140 3204 collocationem
1154 3136 1263 3228 parti-

154 3239 250 3309 culae
265 3238 311 3312 οἲν
325 3240 360 3307 in
373 3239 467 3306 hisce
481 3237 647 3305 sententiis
664 3236 939 3305 conditionalibus
952 3239 1084 3325 attinet,
1110 3239 1193 3309 nihil
1208 3241 1263 3308 in-
1292 3308 1293 3315 ,

152 3351 296 3426 teresse,
323 3352 434 3409 uuum
457 3341 568 3408 statim
591 3347 670 3431 post
695 3341 895 3430 particulam
918 3343 1193 3430 conditionalem,
1219 3365 1263 3410 an

152 3445 356 3533 interpositis
380 3444 507 3532 aliquot
525 3442 682 3531 vocibus,
712 3466 756 3510 an
778 3442 914 3511 demum
931 3454 1012 3535 post
1031 3447 1174 3514 verbum
1193 3469 1263 3539 po-

152 3557 261 3615 natur.
312 3544 558 3615 Demosthenes
589 3569 624 3637 p.
650 3539 737 3633 115,
757 3544 793 3614 9.
820 3546 873 3627 οἷς
898 3546 944 3619 όν
969 3541 1038 3642 ἐμω
1063 3546 1261 3646 ληφθείην,

152 3650 272 3723 ταῦτα
287 3643 468 3745 πρόττων.
500 3647 582 3735 161,
603 3647 663 3716 11.
690 3646 784 3730 ὅπως
807 3647 853 3723 ἄν
873 3677 929 3730 τις
951 3646 1144 3743 όνομόσαι.
1176 3650 1262 3739 168,

154 3753 214 3821 24.
229 3749 273 3832 σός
290 3750 336 3825 όν
351 3751 625 3849 συνταχθείητε.
651 3752 847 3844 Xenophon
858 3753 992 3821 Hellen.
1009 3754 1067 3823 Vl.
1087 3754 1122 3839 l,
1145 3753 1180 3823 9.
1201 3751 1262 3828 οἷ-

134 3883 223 3949 ,μαι
241 3854 301 3944 dv,
328 3851 448 3928 αὐτόν
460 3858 492 3939 εἰ
507 3854 619 3934 ααλοίς
632 3858 918 3948 τιςόπιμελοῖτο,
947 3852 1010 3928 ουίι
1028 3853 1121 3929 εἶναι
1138 3858 1260 3946 ἔθνος,

153 3954 266 4052 ὁποίῳ
283 3956 330 4031 σίν
352 3951 553 4038 α’ξιοίσαιεν.
580 3958 827 4027 Demosthenes
843 3982 879 4049 p.
902 3957 989 4047 286,
1006 3958 1066 4027 28.
1093 3959 1180 4032 dciv
1199 3957 1262 4034 εὔ-

152 4068 255 4143 ξαιτο
264 4113 276 4147 ,
303 4054 514 4156 ποιήσομεν.
541 4059 628 4146 413,
644 4059 704 4129 26.
732 4057 857 4158 ἐπειδή
873 4058 907 4135 d'
921 4056 1127 4158 ἐπράξαμεν
1140 4057 1261 4137 πάνθ’

152 4158 273 4236 ὄσόίν
295 4159 505 4252 εόξαίμεθα.
534 4162 647 4250 1112,
666 4163 700 4232 2.
727 4165 775 4238 εὀί
794 4161 920 4238 -’ὄσ’
936 4164 981 4237 όν
997 4167 1119 4260 ἔχοιμι
1136 4167 1261 4240 εἰπεῖν.

151 4263 239 4354 815,
257 4266 292 4335 i.
319 4261 365 4346 o‘c
378 4263 424 4339 όν
440 4259 695 4358 συντομώτατ’
716 4271 812 4340 εἴποι
831 4294 895 4348 τις.
920 4268 1033 4359 1161,
1055 4268 1115 4338 18.
1143 4264 1187 4343 όν
1204 4295 1260 4351 τις

150 4367 197 4441 όν
218 4363 432 4466 τατόθοιτο.
484 4368 557 4438 Sed
581 4368 673 4439 idem
691 4394 727 4464 p.
755 4371 815 4460 13,
837 4368 872 4438 5.
895 4368 988 4470 ἅπερ
1010 4369 1177 4456 εὔξαισθ’
1203 4370 1259 4446 οἷν.
