2842 4920
298 369 350 432 DE
372 368 707 431 lNSCRlPTIONlBVS
730 369 1158 444 QVtssvsnsM-cnsucts
1216 382 1282 446 805

166 582 238 652 quo
266 558 409 629 dicimus
436 560 648 654 epigramma
674 560 789 650 edidit,
815 562 977 632 lectorem
1000 587 1067 633 non
1082 550 1195 658 possit*
1213 570 1280 640 non

164 667 271 757 plane
297 663 333 731 in
358 673 510 732 errorem
535 665 716 734 abducere.
760 667 921 734 Praebuit
945 666 1003 735 ille
1029 679 1109 736 octo
1136 672 1281 742 disticha

167 767 341 860 elegiaca,
368 790 513 857 quorum
538 758 674 837 tertium
699 777 734 837 et
757 779 914 859 quartum
938 772 1067 839 lacunis
1093 772 1205 861 hiant,
1230 786 1279 864 ut,
1330 802 1333 806 ⁴

166 874 226 963 qni
259 872 429 939 intueatur
462 871 691 965 epigramma,
727 895 796 941 non
820 873 928 966 possit
953 873 1110 944 dubitare
1136 878 1280 968 quinia

164 974 284 1067 lapide
312 996 472 1043 versuum
497 977 580 1044 sexti
608 983 643 1043 et
667 975 800 1066 septimi
824 977 907 1044 nibil
932 977 994 1046 nisi
1020 978 1146 1070 initia,
1166 984 1279 1050 octavi

163 1099 299 1170 paucae
325 1078 487 1146 emedio
513 1079 663 1169 syllabae
687 1079 873 1170 supersint,
909 1103 997 1171 quae
1023 1091 1134 1151 autem
1158 1093 1293 1176 partes*

163 1181 290 1249 borum
315 1204 474 1250 versuum
497 1181 632 1273 punctis
658 1190 793 1250 notatae
819 1193 912 1268 sunt,
939 1188 1186 1256 earum‘vacua
1208 1186 1275 1258 ’(Ιθ-Ι
1355 1177 1359 1183 ’

163 1284 248 1352 tritis
277 1285 393 1354 litteris
428 1283 536 1377 spatia
570 1284 829 1377 conspiciantur.
880 1288 928 1355 At
959 1289 1101 1377 librum,
1138 1314 1181 1359 ex
1205 1314 1276 1382 qno

165 1388 379 1480 epigramma
395 1389 492 1481 petiit
514 1387 726 1479 wolckerus,
752 1389 780 1457 si
798 1389 872 1480 quis
888 1391 1051 1483 inspiciat,
1076 1393 1274 1463 lacunarum
1310 1410 1313 1417 ’

163 1489 301 1559 nullum·
318 1492 509 1585 vestigium,
535 1491 678 1560 disticha
703 1500 815 1560 autem
842 1515 910 1561 non
937 1494 1027 1580 octo,
1053 1495 1116 1564 sed
1141 1506 1285 1588 septem

162 1595 319 1665 inveniet
371 1595 489 1679 Quare
513 1596 571 1686 qui
595 1594 778 1663 Welckero
809 1596 865 1663 vel
889 1591 1027 1683 fideret,
1065 1590 1120 1667 vel
1151 1599 1271 1688 fidere,
1305 1604 1308 1610 ’

162 1697 259 1788 quod
285 1696 391 1767 Gudii
416 1697 503 1767 libro
530 1705 676 1784 careret,
703 1706 839 1767 coactus
866 1708 971 1787 esset,
984 1716 1066 1768 ‘non
1090 1710 1272 1794 pentame-
1351 1785 1352 1788 Ἴ

161 1810 253 1871 trum
283 1810 481 1894 conuptum
506 1803 697 1894 corrigere,
735 1802 797 1870 sed
827 1811 894 1870 tres
915 1826 1100 1895 numquam
1127 1807 1271 1898 scriptos
1351 1848 1355 1861 «

161 1927 279 1973 versus
304 1905 467 1973 resarcire
493 1905 710 1973 allaboraret:
736 1904 831 1996 qnod
855 1905 887 1973 ei
907 1906 935 1973 si
954 1907 1178 1999 successisset,
1204 1933 1271 2001 po-

160 2008 261 2076 titum
286 2006 393 2076 Gudii
417 2009 505 2077 libro
529 2009 720 2100 poeniteret
743 2009 897 2100 perditae
915 2032 1053 2102 operae.

153 2175 157 2180 .
262 2111 327 2180 His
345 2112 548 2204 praemissis,
575 2111 687 2180 omnia
708 2134 796 2201 qnae
809 2111 1008 2182 Welckerus
1029 2113 1074 2182 de
1096 2113 1270 2207 epigram-

160 2223 252 2282 mate
272 2215 337 2282 isto
357 2215 501 2307 scripsit,
527 2213 609 2307 ipsis
636 2215 747 2284 verbis
767 2214 920 2303 afferam,
947 2217 1153 2307 addamque,
1180 2240 1268 2308 qnae

159 2317 243 2386 mihi
269 2317 439 2386 monenda
470 2318 636 2387 videntur.
663 2386 666 2397 ,
690 2318 748 2387 Sic
780 2320 889 2412 igitur
908 2319 981 2389 ille:
1023 2321 1086 2390 Fr.
1124 2320 1296 2390 Heesel.¹

160 2417 294 2514 Praes.
318 2420 488 2515 Append.
506 2421 560 2490 ad
579 2421 696 2490 Gudii
710 2421 901 2514 Inscripti.
908 2446 949 2514 p.
963 2421 1024 2494 42.
1077 2423 1137 2492 De
1162 2423 1270 2492 baias

159 2524 409 2618 inscriptionis
435 2523 595 2621 salebris
618 2545 722 2592 necno
748 2524 918 2592 iudicare
936 2533 1078 2616 potest,
1104 2525 1182 2619 'nisi
1209 2526 1271 2617 'qut

160 2628 344 2722 sigloram
370 2627 588 2721 aersigmata
609 2626 741 2696 litteris
766 2626 979 2696 intermixta
1001 2627 1269 2698 examinaverit

159 2731 307 2826 eiasptte
325 2732 547 2803 enodandae
561 2731 769 2826 pericnlum
785 2729 1021 2824 ipssesecerit.
1058 2729 1155 2800 Nam
1182 2722 1268 2826 ope-

159 2857 231 2905 rae
256 2835 420 2930 pretinm
441 2835 625 2930 facturus
656 2835 722 2921 sit,
764 2836 849 2904 noio
881 2835 1055 2927 equidem*
1079 2858 1267 2928 quaerere.

139 2938 345 3034 ‚Lapidem
374 2939 565 3009 Hesseliaa
590 2938 648 3007 bis
671 2936 792 3006 verbis
820 2936 1053 3022 describit,
1054 2937 1120 3021 ‚In
1146 2940 1268 3008 medio

158 3051 239 3113 stat
264 3043 393 3137 imago
418 3041 607 3112 muliebris
629 3041 752 3127 nuda,
786 3061 812 3108 a
847 3049 960 3132 tergo
976 3049 1132 3135 partem
1154 3043 1267 3111 vestis

148 3143 288 3240 fluxae
314 3146 369 3215 ad
394 3144 677 3240 interfeminium
697 3143 866 3240 trabeate
889 3144 1005 3214 laeva
1021 3165 1144 3227 mansi,
1171 3144 1266 3211 dea-

160 3258 226 3355 tra
246 3249 398 3343 pectori
422 3251 528 3319 laevo
552 3248 728 3370 admota,
761 3256 797 3316 et
823 3257 934 3342 super
959 3247 1087 3317 eodem
1110 3244 1279 3315 tractio

158 3353 301 3424 lacinia
328 3362 507 3442 exstante,
534 3352 636 3421 cadas
656 3373 756 3444 pars
780 3344 892 3422 lateri
912 3346 1046 3421 dextro
1069 3350 1265 3444 dependet,

159 3457 305 3526 ornatis
336 3457 500 3550 capillis,
543 3463 669 3525 ventr'e
696 3451 904 3548 preminate
931 3465 971 3525 at
989 3451 1267 3548 praegnantis,

158 3560 226 3628 sed
260 3561 309 3629 de
333 3560 404 3629 boc
431 3560 571 3630 consuli
592 3566 748 3653 possunt
773 3558 1058 3651 inscriptiones“
1096 3557 1171 3646 (de
1195 3556 1266 3626 lioc

158 3663 306 3754 pnidem
331 3663 422 3731 illae
446 3687 491 3733 ne
515 3663 585 3757 γρῦ
612 3662 773 3755 quidem)
800 3713 821 3748 „
830 3662 1116 3754 utrimquesecus
1150 3656 1266 3728 bexa-

156 3765 478 3836 metris-versibaa
504 3775 540 3836 et
562 3765 834 3860 pentametris“
860 3765 990 3854 (omisit
1018 3773 1054 3833 et
1073 3772 1267 3854 pentame-

157 3862 230 3939 tri's
244 3869 464 3961 Welckerus)
490 3869 666 3962 „scalptis
687 3866 842 3962 infabre,
867 3890 945 3953 nec,
964 3865 1267 3952 desiderandae

156 3973 360 4066 eademqne
384 3996 513 4061 mann,
555 3972 689 4042 litteris
715 3968 985 4064 inaequalibus,
1012 3990 1152 4063 parurn
1174 3968 1267 4038 inciss

156 4075 228 4164 sis,
256 4075 478 4170 quibusdam
505 4075 669 4161 extritis,
696 4072 816 4144 dubiis
842 4067 996 4166 virgula
1021 4070 1237 4142 subnotatis.
1245 4075 1267 4112 ‘⁶

155 4178 218 4249 De
245 4179 397 4249 divana
428 4201 541 4248 mann
568 4179 709 4248 omnino
740 4171 875 4246 dabito.
907 4171 1107 4268 'Desisncti
1139 4175 1268 4267 imago

153 4281 388 4378 acceptioni
411 4282 658 4353 intersitum
684 4281 795 4350 ettam
819 4305 853 4348 n.
871 4275 933 4353 46.
952 4275 1014 4347 51.
1042 4273 1078 4348 'ec
1105 4278 1201 4364 attis,
1227 4283 1268 4344 sa

152 4385 332 4481 insscippo
360 4385 588 4456 Gruteriano
608 4410 647 4480 p.
675 4380 763 4466 649,
782 4379 819 4455 6.
1168 4398 1170 4403 “
1206 4398 1208 4403 ’

206 4506 330 4577 Huam.
357 4503 425 4580 01».
451 4507 510 4574 lv.
601 4508 603 4511 ’
1006 4500 1063 4582 ,Ὺ
