<?xml version="1.0" encoding="UTF-8"?>
<!DOCTYPE html PUBLIC "-//W3C//DTD XHTML 1.0 Transitional//EN"
    "http://www.w3.org/TR/xhtml1/DTD/xhtml1-transitional.dtd">
<html xmlns="http://www.w3.org/1999/xhtml" xml:lang="en" lang="en">
 <head>
  <title>
</title>
<meta http-equiv="Content-Type" content="text/html;charset=utf-8" />
  <meta name='ocr-system' content='tesseract 3.04.00' />
  <meta name='ocr-capabilities' content='ocr_page ocr_carea ocr_par ocr_line ocrx_word'/>
</head>
<body>
  <div class='ocr_page' id='page_1' title='image "./opuscula00hermgoog/opuscula00hermgoog_0182.png"; bbox 0 0 2842 4920; ppageno 0'>
   <div class='ocr_carea' id='block_1_1' title="bbox 156 363 937 436">
    <p class='ocr_par' dir='ltr' id='par_1_1' title="bbox 156 363 937 436">
     <span class='ocr_line' id='line_1_1' title="bbox 156 363 937 436; baseline 0.012 -12"><span class='ocrx_word' id='word_1_1' title='bbox 156 372 217 436; x_wconf 73' lang='lat'><strong>158</strong></span> <span class='ocrx_word' id='word_1_2' title='bbox 498 370 557 430; x_wconf 81' lang='lat' dir='ltr'><strong>llll</strong></span> <span class='ocrx_word' id='word_1_3' title='bbox 594 368 868 436; x_wconf 77' lang='lat' dir='ltr'><strong>PARTICVLA</strong></span> <span class='ocrx_word' id='word_1_4' title='bbox 891 363 937 433; x_wconf 79' lang='grc' dir='ltr'><strong>δν</strong></span> 
     </span>
    </p>
   </div>
   <div class='ocr_carea' id='block_1_2' title="bbox 119 558 1272 1375">
    <p class='ocr_par' dir='ltr' id='par_1_2' title="bbox 119 558 1272 1375">
     <span class='ocr_line' id='line_1_2' title="bbox 155 558 1270 652; baseline 0.001 -23"><span class='ocrx_word' id='word_1_5' title='bbox 155 562 330 652; x_wconf 90' lang='lat' dir='ltr'><strong>quirentis‚</strong></span> <span class='ocrx_word' id='word_1_6' title='bbox 348 559 435 648; x_wconf 83' lang='lat' dir='ltr'><strong>sed,</strong></span> <span class='ocrx_word' id='word_1_7' title='bbox 462 561 620 650; x_wconf 89' lang='lat' dir='ltr'><strong>quoniam</strong></span> <span class='ocrx_word' id='word_1_8' title='bbox 642 559 795 628; x_wconf 87' lang='lat' dir='ltr'><strong>additum</strong></span> <span class='ocrx_word' id='word_1_9' title='bbox 810 568 861 630; x_wconf 91' lang='lat' dir='ltr'><strong>est</strong></span> <span class='ocrx_word' id='word_1_10' title='bbox 874 558 939 648; x_wconf 81' lang='grc' dir='ltr'><strong>ἄν,</strong></span> <span class='ocrx_word' id='word_1_11' title='bbox 966 560 1069 628; x_wconf 86' lang='lat' dir='ltr'><strong>dere</strong></span> <span class='ocrx_word' id='word_1_12' title='bbox 1092 583 1135 628; x_wconf 84' lang='lat' dir='ltr'><strong>ex</strong></span> <span class='ocrx_word' id='word_1_13' title='bbox 1156 562 1270 652; x_wconf 87' lang='lat' dir='ltr'><strong>ahqua</strong></span> 
     </span>
     <span class='ocr_line' id='line_1_3' title="bbox 120 664 1270 759; baseline 0.002 -26"><span class='ocrx_word' id='word_1_14' title='bbox 120 732 126 755; x_wconf 64' lang='lat'>,</span> <span class='ocrx_word' id='word_1_15' title='bbox 157 666 348 733; x_wconf 86' lang='lat' dir='ltr'><strong>conditione</strong></span> <span class='ocrx_word' id='word_1_16' title='bbox 374 688 553 757; x_wconf 85' lang='lat' dir='ltr'><strong>suspensa,</strong></span> <span class='ocrx_word' id='word_1_17' title='bbox 580 673 617 731; x_wconf 90' lang='lat' dir='ltr'><strong>ut</strong></span> <span class='ocrx_word' id='word_1_18' title='bbox 638 687 753 732; x_wconf 89' lang='lat' dir='ltr'><strong>sensus</strong></span> <span class='ocrx_word' id='word_1_19' title='bbox 774 665 830 750; x_wconf 80' lang='lat' dir='ltr'><strong>sit,</strong></span> <span class='ocrx_word' id='word_1_20' title='bbox 860 673 1056 757; x_wconf 72' lang='lat' dir='ltr'><strong>nortperto,</strong></span> <span class='ocrx_word' id='word_1_21' title='bbox 1081 664 1154 734; x_wconf 80' lang='lat' dir='ltr'><strong>nisi</strong></span> <span class='ocrx_word' id='word_1_22' title='bbox 1174 690 1270 759; x_wconf 82' lang='lat' dir='ltr'><strong>qua-</strong></span> 
     </span>
     <span class='ocr_line' id='line_1_4' title="bbox 119 758 1272 858; baseline 0.003 -21"><span class='ocrx_word' id='word_1_23' title='bbox 119 758 123 765; x_wconf 67' lang='grc'><strong>’</strong></span> <span class='ocrx_word' id='word_1_24' title='bbox 156 770 248 837; x_wconf 87' lang='lat' dir='ltr'><strong>dam</strong></span> <span class='ocrx_word' id='word_1_25' title='bbox 279 768 503 854; x_wconf 83' lang='lat' dir='ltr'><strong>conditione,</strong></span> <span class='ocrx_word' id='word_1_26' title='bbox 534 767 571 835; x_wconf 92' lang='lat' dir='ltr'><strong>id</strong></span> <span class='ocrx_word' id='word_1_27' title='bbox 592 767 785 856; x_wconf 88' lang='lat' dir='ltr'><strong>quodlicet</strong></span> <span class='ocrx_word' id='word_1_28' title='bbox 807 769 906 836; x_wconf 89' lang='lat' dir='ltr'><strong>etiam</strong></span> <span class='ocrx_word' id='word_1_29' title='bbox 933 769 980 836; x_wconf 89' lang='lat' dir='ltr'><strong>sic</strong></span> <span class='ocrx_word' id='word_1_30' title='bbox 1002 769 1164 858; x_wconf 81' lang='lat' dir='ltr'><strong>exprimi,</strong></span> <span class='ocrx_word' id='word_1_31' title='bbox 1196 793 1272 840; x_wconf 83' lang='lat' dir='ltr'><strong>non</strong></span> 
     </span>
     <span class='ocr_line' id='line_1_5' title="bbox 151 871 1271 966; baseline 0.002 -26"><span class='ocrx_word' id='word_1_32' title='bbox 151 881 242 966; x_wconf 85' lang='lat' dir='ltr'><strong>puto</strong></span> <span class='ocrx_word' id='word_1_33' title='bbox 258 894 380 964; x_wconf 83' lang='lat' dir='ltr'><strong>posse.</strong></span> <span class='ocrx_word' id='word_1_34' title='bbox 433 874 522 940; x_wconf 90' lang='lat' dir='ltr'><strong>Nam</strong></span> <span class='ocrx_word' id='word_1_35' title='bbox 547 871 641 959; x_wconf 93' lang='lat' dir='ltr'><strong>quod</strong></span> <span class='ocrx_word' id='word_1_36' title='bbox 662 880 776 963; x_wconf 89' lang='lat' dir='ltr'><strong>potest</strong></span> <span class='ocrx_word' id='word_1_37' title='bbox 795 872 849 939; x_wconf 88' lang='lat' dir='ltr'><strong>vel</strong></span> <span class='ocrx_word' id='word_1_38' title='bbox 871 894 941 938; x_wconf 90' lang='lat' dir='ltr'><strong>non</strong></span> <span class='ocrx_word' id='word_1_39' title='bbox 961 879 1078 964; x_wconf 90' lang='lat' dir='ltr'><strong>potest</strong></span> <span class='ocrx_word' id='word_1_40' title='bbox 1099 872 1191 960; x_wconf 88' lang='lat' dir='ltr'><strong>fieri,</strong></span> <span class='ocrx_word' id='word_1_41' title='bbox 1227 897 1271 942; x_wconf 86' lang='lat' dir='ltr'><strong>ex</strong></span> 
     </span>
     <span class='ocr_line' id='line_1_6' title="bbox 156 975 1269 1067; baseline 0.002 -25"><span class='ocrx_word' id='word_1_42' title='bbox 156 975 347 1044; x_wconf 92' lang='lat' dir='ltr'><strong>conditione</strong></span> <span class='ocrx_word' id='word_1_43' title='bbox 374 976 486 1066; x_wconf 89' lang='lat' dir='ltr'><strong>aliqua</strong></span> <span class='ocrx_word' id='word_1_44' title='bbox 516 975 667 1066; x_wconf 82' lang='lat' dir='ltr'><strong>pendeat</strong></span> <span class='ocrx_word' id='word_1_45' title='bbox 694 998 833 1043; x_wconf 89' lang='lat' dir='ltr'><strong>necesse</strong></span> <span class='ocrx_word' id='word_1_46' title='bbox 858 985 918 1046; x_wconf 87' lang='lat' dir='ltr'><strong>est.</strong></span> <span class='ocrx_word' id='word_1_47' title='bbox 970 975 1012 1042; x_wconf 93' lang='lat' dir='ltr'><strong>ld</strong></span> <span class='ocrx_word' id='word_1_48' title='bbox 1044 975 1149 1067; x_wconf 83' lang='lat' dir='ltr'><strong>igitur</strong></span> <span class='ocrx_word' id='word_1_49' title='bbox 1173 987 1269 1044; x_wconf 90' lang='lat' dir='ltr'><strong>recta</strong></span> 
     </span>
     <span class='ocr_line' id='line_1_7' title="bbox 155 1075 1266 1173; baseline 0.003 -27"><span class='ocrx_word' id='word_1_50' title='bbox 155 1079 307 1146; x_wconf 90' lang='lat' dir='ltr'><strong>oratione</strong></span> <span class='ocrx_word' id='word_1_51' title='bbox 332 1077 441 1164; x_wconf 87' lang='lat' dir='ltr'><strong>dicas,</strong></span> <span class='ocrx_word' id='word_1_52' title='bbox 469 1080 570 1171; x_wconf 78' lang='grc' dir='ltr'><em>ἔρεξα</em></span> <span class='ocrx_word' id='word_1_53' title='bbox 597 1075 659 1157; x_wconf 79' lang='grc' dir='ltr'><strong>ἄν,</strong></span> <span class='ocrx_word' id='word_1_54' title='bbox 687 1075 795 1173; x_wconf 65' lang='grc' dir='ltr'><strong>ῆοῦς</strong></span> <span class='ocrx_word' id='word_1_55' title='bbox 822 1076 961 1170; x_wconf 78' lang='lat' dir='ltr'><strong>Nempe</strong></span> <span class='ocrx_word' id='word_1_56' title='bbox 988 1100 1061 1146; x_wconf 87' lang='lat' dir='ltr'><strong>non</strong></span> <span class='ocrx_word' id='word_1_57' title='bbox 1073 1076 1266 1171; x_wconf 73' lang='lat' dir='ltr'><strong>fecissem,</strong></span> 
     </span>
     <span class='ocr_line' id='line_1_8' title="bbox 153 1181 1269 1271; baseline 0.004 -23"><span class='ocrx_word' id='word_1_58' title='bbox 153 1182 208 1249; x_wconf 83' lang='lat' dir='ltr'><strong>Ex</strong></span> <span class='ocrx_word' id='word_1_59' title='bbox 221 1182 273 1248; x_wconf 93' lang='lat' dir='ltr'><strong>his</strong></span> <span class='ocrx_word' id='word_1_60' title='bbox 289 1181 387 1249; x_wconf 85' lang='lat' dir='ltr'><strong>facile</strong></span> <span class='ocrx_word' id='word_1_61' title='bbox 404 1181 520 1250; x_wconf 90' lang='lat' dir='ltr'><strong>coniici</strong></span> <span class='ocrx_word' id='word_1_62' title='bbox 533 1189 665 1271; x_wconf 83' lang='lat' dir='ltr'><strong>potest,</strong></span> <span class='ocrx_word' id='word_1_63' title='bbox 691 1203 942 1271; x_wconf 86' lang='lat' dir='ltr'><strong>nonnumquam</strong></span> <span class='ocrx_word' id='word_1_64' title='bbox 956 1181 1008 1250; x_wconf 92' lang='lat' dir='ltr'><strong>his</strong></span> <span class='ocrx_word' id='word_1_65' title='bbox 1025 1182 1142 1250; x_wconf 84' lang='lat' dir='ltr'><strong>formis</strong></span> <span class='ocrx_word' id='word_1_66' title='bbox 1157 1185 1269 1252; x_wconf 92' lang='lat' dir='ltr'><strong>omui-</strong></span> 
     </span>
     <span class='ocr_line' id='line_1_9' title="bbox 153 1284 1106 1375; baseline -0.001 -22"><span class='ocrx_word' id='word_1_67' title='bbox 153 1285 216 1353; x_wconf 92' lang='lat' dir='ltr'><strong>bus</strong></span> <span class='ocrx_word' id='word_1_68' title='bbox 230 1285 344 1352; x_wconf 90' lang='lat' dir='ltr'><strong>locum</strong></span> <span class='ocrx_word' id='word_1_69' title='bbox 359 1308 441 1355; x_wconf 89' lang='lat' dir='ltr'><strong>esse.</strong></span> <span class='ocrx_word' id='word_1_70' title='bbox 493 1285 540 1352; x_wconf 85' lang='lat' dir='ltr'><strong>Vt</strong></span> <span class='ocrx_word' id='word_1_71' title='bbox 555 1285 591 1352; x_wconf 89' lang='lat' dir='ltr'><strong>in</strong></span> <span class='ocrx_word' id='word_1_72' title='bbox 605 1284 839 1375; x_wconf 84' lang='lat' dir='ltr'><strong>Aristophanis</strong></span> <span class='ocrx_word' id='word_1_73' title='bbox 853 1286 954 1353; x_wconf 91' lang='lat' dir='ltr'><strong>Pluto</strong></span> <span class='ocrx_word' id='word_1_74' title='bbox 970 1309 1003 1357; x_wconf 86' lang='lat' dir='ltr'><strong>v.</strong></span> <span class='ocrx_word' id='word_1_75' title='bbox 1019 1284 1106 1352; x_wconf 73' lang='lat'><strong>374.</strong></span> 
     </span>
    </p>
   </div>
   <div class='ocr_carea' id='block_1_3' title="bbox 256 1430 1181 1640">
    <p class='ocr_par' dir='ltr' id='par_1_3' title="bbox 256 1430 1181 1640">
     <span class='ocr_line' id='line_1_10' title="bbox 572 1430 1181 1532; baseline 0.003 -23"><span class='ocrx_word' id='word_1_76' title='bbox 572 1430 831 1532; x_wconf 76' lang='lat' dir='ltr'><strong>oi‘Hpoielete,</strong></span> <span class='ocrx_word' id='word_1_77' title='bbox 860 1438 948 1532; x_wconf 79' lang='grc' dir='ltr'><em>φέρε</em></span> <span class='ocrx_word' id='word_1_78' title='bbox 964 1444 1032 1511; x_wconf 81' lang='grc' dir='ltr'><strong>ποῖ</strong></span> <span class='ocrx_word' id='word_1_79' title='bbox 1044 1466 1100 1519; x_wconf 83' lang='grc' dir='ltr'><em>τις</em></span> <span class='ocrx_word' id='word_1_80' title='bbox 1116 1433 1181 1512; x_wconf 75' lang='grc' dir='ltr'><strong>οὖν</strong></span> 
     </span>
     <span class='ocr_line' id='line_1_11' title="bbox 256 1533 1135 1640; baseline 0 -28"><span class='ocrx_word' id='word_1_81' title='bbox 256 1534 460 1640; x_wconf 84' lang='grc' dir='ltr'><em>τράποιτο,·</em></span> <span class='ocrx_word' id='word_1_82' title='bbox 485 1533 643 1638; x_wconf 82' lang='grc' dir='ltr'><em>τάληθὲς</em></span> <span class='ocrx_word' id='word_1_83' title='bbox 661 1533 730 1633; x_wconf 77' lang='grc' dir='ltr'><strong>χοῖρ</strong></span> <span class='ocrx_word' id='word_1_84' title='bbox 749 1535 813 1611; x_wconf 75' lang='grc' dir='ltr'><strong>οὐκ</strong></span> <span class='ocrx_word' id='word_1_85' title='bbox 829 1543 965 1621; x_wconf 78' lang='grc' dir='ltr'><strong><em>ἐθέλεις</em></strong></span> <span class='ocrx_word' id='word_1_86' title='bbox 983 1534 1135 1638; x_wconf 84' lang='grc' dir='ltr'><em>φράσαι.</em></span> 
     </span>
    </p>
   </div>
   <div class='ocr_carea' id='block_1_4' title="bbox 52 1687 1267 2490">
    <p class='ocr_par' dir='ltr' id='par_1_4' title="bbox 52 1687 1267 2490">
     <span class='ocr_line' id='line_1_12' title="bbox 52 1687 1266 1789; baseline 0.005 -27"><span class='ocrx_word' id='word_1_87' title='bbox 52 1730 54 1737; x_wconf 37' lang='grc' dir='ltr'><em>ν</em></span> <span class='ocrx_word' id='word_1_88' title='bbox 154 1694 234 1781; x_wconf 79' lang='lat' dir='ltr'><strong>Quo</strong></span> <span class='ocrx_word' id='word_1_89' title='bbox 250 1698 327 1763; x_wconf 91' lang='lat' dir='ltr'><strong>loco</strong></span> <span class='ocrx_word' id='word_1_90' title='bbox 342 1695 369 1764; x_wconf 92' lang='lat' dir='ltr'><strong>si</strong></span> <span class='ocrx_word' id='word_1_91' title='bbox 391 1716 469 1760; x_wconf 93' lang='lat' dir='ltr'><strong>cum</strong></span> <span class='ocrx_word' id='word_1_92' title='bbox 489 1690 566 1764; x_wconf 90' lang='lat' dir='ltr'><strong>cod.</strong></span> <span class='ocrx_word' id='word_1_93' title='bbox 584 1691 691 1784; x_wconf 86' lang='lat' dir='ltr'><strong>Borg.</strong></span> <span class='ocrx_word' id='word_1_94' title='bbox 709 1693 832 1785; x_wconf 85' lang='lat' dir='ltr'><strong>legitur</strong></span> <span class='ocrx_word' id='word_1_95' title='bbox 847 1700 913 1766; x_wconf 84' lang='grc' dir='ltr'><strong>ποῖ</strong></span> <span class='ocrx_word' id='word_1_96' title='bbox 931 1722 986 1775; x_wconf 86' lang='grc' dir='ltr'><em>τις</em></span> <span class='ocrx_word' id='word_1_97' title='bbox 1007 1693 1052 1767; x_wconf 86' lang='grc' dir='ltr'><strong>άν</strong></span> <span class='ocrx_word' id='word_1_98' title='bbox 1072 1687 1266 1789; x_wconf 83' lang='grc' dir='ltr'><em>τράποιτο,</em></span> 
     </span>
     <span class='ocr_line' id='line_1_13' title="bbox 152 1794 1265 1890; baseline -0.001 -22"><span class='ocrx_word' id='word_1_99' title='bbox 152 1823 269 1869; x_wconf 87' lang='lat' dir='ltr'><strong>sensus</strong></span> <span class='ocrx_word' id='word_1_100' title='bbox 285 1808 353 1884; x_wconf 89' lang='lat' dir='ltr'><strong>est,</strong></span> <span class='ocrx_word' id='word_1_101' title='bbox 382 1819 451 1888; x_wconf 84' lang='lat' dir='ltr'><strong>quo</strong></span> <span class='ocrx_word' id='word_1_102' title='bbox 470 1796 549 1888; x_wconf 83' lang='lat' dir='ltr'><strong>quie</strong></span> <span class='ocrx_word' id='word_1_103' title='bbox 566 1818 606 1864; x_wconf 83' lang='lat' dir='ltr'><strong>ae</strong></span> <span class='ocrx_word' id='word_1_104' title='bbox 623 1805 766 1864; x_wconf 84' lang='lat' dir='ltr'><strong>vertere</strong></span> <span class='ocrx_word' id='word_1_105' title='bbox 778 1794 930 1890; x_wconf 79' lang='lat' dir='ltr'><strong>possit?</strong></span> <span class='ocrx_word' id='word_1_106' title='bbox 955 1821 1011 1866; x_wconf 87' lang='lat' dir='ltr'><strong>wo</strong></span> <span class='ocrx_word' id='word_1_107' title='bbox 1029 1797 1161 1867; x_wconf 73' lang='lat' dir='ltr'><strong>lunare</strong></span> <span class='ocrx_word' id='word_1_108' title='bbox 1176 1821 1265 1867; x_wconf 81' lang='lat' dir='ltr'><strong>maa</strong></span> 
     </span>
     <span class='ocr_line' id='line_1_14' title="bbox 151 1895 1267 1993; baseline -0.003 -19"><span class='ocrx_word' id='word_1_109' title='bbox 151 1902 232 1974; x_wconf 79' lang='lat' dir='ltr'><strong>sich</strong></span> <span class='ocrx_word' id='word_1_110' title='bbox 253 1895 496 1971; x_wconf 84' lang='lat' dir='ltr'><strong>hinwenden?</strong></span> <span class='ocrx_word' id='word_1_111' title='bbox 523 1898 763 1968; x_wconf 88' lang='lat' dir='ltr'><strong>Coniunctivus</strong></span> <span class='ocrx_word' id='word_1_112' title='bbox 785 1902 1004 1993; x_wconf 77' lang='lat' dir='ltr'><strong>significaret,</strong></span> <span class='ocrx_word' id='word_1_113' title='bbox 1028 1924 1097 1993; x_wconf 84' lang='lat' dir='ltr'><strong>quo</strong></span> <span class='ocrx_word' id='word_1_114' title='bbox 1121 1901 1201 1993; x_wconf 80' lang='lat' dir='ltr'><strong>quie</strong></span> <span class='ocrx_word' id='word_1_115' title='bbox 1227 1924 1267 1971; x_wconf 83' lang='lat' dir='ltr'><strong>ae</strong></span> 
     </span>
     <span class='ocr_line' id='line_1_15' title="bbox 152 2001 1267 2096; baseline -0.004 -20"><span class='ocrx_word' id='word_1_116' title='bbox 152 2002 302 2077; x_wconf 82' lang='lat' dir='ltr'><strong>vertat?</strong></span> <span class='ocrx_word' id='word_1_117' title='bbox 323 2027 380 2074; x_wconf 86' lang='lat' dir='ltr'><strong>wo</strong></span> <span class='ocrx_word' id='word_1_118' title='bbox 393 2003 464 2072; x_wconf 82' lang='lat' dir='ltr'><strong>soll</strong></span> <span class='ocrx_word' id='word_1_119' title='bbox 479 2026 567 2071; x_wconf 82' lang='lat' dir='ltr'><strong>mon</strong></span> <span class='ocrx_word' id='word_1_120' title='bbox 581 2003 661 2072; x_wconf 82' lang='lat' dir='ltr'><strong>sich</strong></span> <span class='ocrx_word' id='word_1_121' title='bbox 676 2001 918 2073; x_wconf 81' lang='lat' dir='ltr'><strong>hinwendcn?</strong></span> <span class='ocrx_word' id='word_1_122' title='bbox 945 2006 1093 2096; x_wconf 81' lang='lat' dir='ltr'><strong>Vulgata</strong></span> <span class='ocrx_word' id='word_1_123' title='bbox 1107 2027 1189 2072; x_wconf 89' lang='lat' dir='ltr'><strong>vero</strong></span> <span class='ocrx_word' id='word_1_124' title='bbox 1203 2004 1267 2072; x_wconf 92' lang='lat' dir='ltr'><strong>ho-</strong></span> 
     </span>
     <span class='ocr_line' id='line_1_16' title="bbox 152 2107 1267 2199; baseline -0.002 -21"><span class='ocrx_word' id='word_1_125' title='bbox 152 2111 248 2178; x_wconf 90' lang='lat' dir='ltr'><strong>minis</strong></span> <span class='ocrx_word' id='word_1_126' title='bbox 266 2118 317 2177; x_wconf 88' lang='lat' dir='ltr'><strong>est</strong></span> <span class='ocrx_word' id='word_1_127' title='bbox 334 2131 450 2177; x_wconf 89' lang='lat' dir='ltr'><strong>secum</strong></span> <span class='ocrx_word' id='word_1_128' title='bbox 464 2107 663 2198; x_wconf 79' lang='lat' dir='ltr'><strong>cogitantis,</strong></span> <span class='ocrx_word' id='word_1_129' title='bbox 690 2107 772 2194; x_wconf 92' lang='lat' dir='ltr'><strong>quid</strong></span> <span class='ocrx_word' id='word_1_130' title='bbox 789 2108 843 2175; x_wconf 90' lang='lat' dir='ltr'><strong>vel</strong></span> <span class='ocrx_word' id='word_1_131' title='bbox 856 2108 930 2199; x_wconf 89' lang='lat' dir='ltr'><strong>ipse</strong></span> <span class='ocrx_word' id='word_1_132' title='bbox 945 2110 1000 2175; x_wconf 84' lang='lat' dir='ltr'><strong>vel</strong></span> <span class='ocrx_word' id='word_1_133' title='bbox 1015 2109 1121 2197; x_wconf 85' lang='lat' dir='ltr'><strong>quivis</strong></span> <span class='ocrx_word' id='word_1_134' title='bbox 1143 2116 1267 2176; x_wconf 81' lang='lat' dir='ltr'><strong>statuat</strong></span> 
     </span>
     <span class='ocr_line' id='line_1_17' title="bbox 152 2211 1267 2301; baseline 0.001 -21"><span class='ocrx_word' id='word_1_135' title='bbox 152 2214 198 2281; x_wconf 88' lang='lat' dir='ltr'><strong>de</strong></span> <span class='ocrx_word' id='word_1_136' title='bbox 223 2212 317 2280; x_wconf 88' lang='lat' dir='ltr'><strong>dictis</strong></span> <span class='ocrx_word' id='word_1_137' title='bbox 340 2212 447 2301; x_wconf 76' lang='lat' dir='ltr'><strong>illius,</strong></span> <span class='ocrx_word' id='word_1_138' title='bbox 483 2233 586 2299; x_wconf 92' lang='lat' dir='ltr'><strong>quem</strong></span> <span class='ocrx_word' id='word_1_139' title='bbox 612 2211 824 2301; x_wconf 83' lang='lat' dir='ltr'><strong>tergiversari</strong></span> <span class='ocrx_word' id='word_1_140' title='bbox 850 2211 971 2277; x_wconf 89' lang='lat' dir='ltr'><strong>credit:</strong></span> <span class='ocrx_word' id='word_1_141' title='bbox 1007 2232 1077 2301; x_wconf 84' lang='lat' dir='ltr'><strong>qno</strong></span> <span class='ocrx_word' id='word_1_142' title='bbox 1102 2232 1208 2301; x_wconf 81' lang='lat' dir='ltr'><strong>qoem</strong></span> <span class='ocrx_word' id='word_1_143' title='bbox 1229 2234 1267 2281; x_wconf 82' lang='lat' dir='ltr'><strong>ae</strong></span> 
     </span>
     <span class='ocr_line' id='line_1_18' title="bbox 150 2308 1267 2407; baseline -0.001 -21"><span class='ocrx_word' id='word_1_144' title='bbox 150 2325 294 2386; x_wconf 84' lang='lat' dir='ltr'><strong>vertere</strong></span> <span class='ocrx_word' id='word_1_145' title='bbox 309 2315 387 2407; x_wconf 78' lang='lat' dir='ltr'><strong>quis</strong></span> <span class='ocrx_word' id='word_1_146' title='bbox 403 2308 578 2383; x_wconf 82' lang='lat' dir='ltr'><strong>censeat?</strong></span> <span class='ocrx_word' id='word_1_147' title='bbox 603 2334 659 2380; x_wconf 87' lang='lat' dir='ltr'><strong>wo</strong></span> <span class='ocrx_word' id='word_1_148' title='bbox 672 2313 817 2382; x_wconf 74' lang='lat' dir='ltr'><strong>mdchte</strong></span> <span class='ocrx_word' id='word_1_149' title='bbox 828 2335 916 2381; x_wconf 82' lang='lat' dir='ltr'><strong>man</strong></span> <span class='ocrx_word' id='word_1_150' title='bbox 929 2313 1008 2382; x_wconf 81' lang='lat' dir='ltr'><strong>sich</strong></span> <span class='ocrx_word' id='word_1_151' title='bbox 1022 2310 1267 2385; x_wconf 80' lang='lat' dir='ltr'><strong>hinwendcn?</strong></span> 
     </span>
     <span class='ocr_line' id='line_1_19' title="bbox 149 2413 604 2490; baseline -0.004 -1"><span class='ocrx_word' id='word_1_152' title='bbox 149 2420 283 2489; x_wconf 86' lang='lat' dir='ltr'><strong>Eadem</strong></span> <span class='ocrx_word' id='word_1_153' title='bbox 297 2418 382 2487; x_wconf 89' lang='lat' dir='ltr'><strong>ratio</strong></span> <span class='ocrx_word' id='word_1_154' title='bbox 404 2427 454 2487; x_wconf 88' lang='lat' dir='ltr'><strong>est</strong></span> <span class='ocrx_word' id='word_1_155' title='bbox 468 2439 499 2490; x_wconf 84' lang='lat' dir='ltr'><strong>v.</strong></span> <span class='ocrx_word' id='word_1_156' title='bbox 515 2413 604 2488; x_wconf 82' lang='lat'><strong>438.</strong></span> 
     </span>
    </p>
   </div>
   <div class='ocr_carea' id='block_1_5' title="bbox 255 2563 1054 2664">
    <p class='ocr_par' dir='ltr' id='par_1_5' title="bbox 255 2563 1054 2664">
     <span class='ocr_line' id='line_1_20' title="bbox 255 2563 1054 2664; baseline -0.005 -18"><span class='ocrx_word' id='word_1_157' title='bbox 255 2570 543 2656; x_wconf 73' lang='grc' dir='ltr'><em>άναξἌπολλον</em></span> <span class='ocrx_word' id='word_1_158' title='bbox 557 2567 616 2642; x_wconf 81' lang='grc' dir='ltr'><strong>καὶ</strong></span> <span class='ocrx_word' id='word_1_159' title='bbox 634 2570 738 2658; x_wconf 81' lang='grc' dir='ltr'><em>θεοί,</em></span> <span class='ocrx_word' id='word_1_160' title='bbox 765 2576 833 2642; x_wconf 81' lang='grc' dir='ltr'><strong>ποῖ</strong></span> <span class='ocrx_word' id='word_1_161' title='bbox 848 2566 902 2650; x_wconf 73' lang='grc' dir='ltr'><em>τις</em></span> <span class='ocrx_word' id='word_1_162' title='bbox 922 2563 1054 2664; x_wconf 68' lang='grc' dir='ltr'><em>φάγοις</em></span> 
     </span>
    </p>
   </div>
   <div class='ocr_carea' id='block_1_6' title="bbox 129 2719 1262 2919">
    <p class='ocr_par' dir='ltr' id='par_1_6' title="bbox 129 2719 1262 2919">
     <span class='ocr_line' id='line_1_21' title="bbox 129 2719 1261 2819; baseline 0 -25"><span class='ocrx_word' id='word_1_163' title='bbox 129 2724 132 2735; x_wconf 76' lang='grc'>’</span> <span class='ocrx_word' id='word_1_164' title='bbox 149 2725 209 2794; x_wconf 93' lang='lat' dir='ltr'><strong>ubi</strong></span> <span class='ocrx_word' id='word_1_165' title='bbox 224 2725 282 2814; x_wconf 94' lang='lat' dir='ltr'><strong>qui</strong></span> <span class='ocrx_word' id='word_1_166' title='bbox 297 2719 392 2819; x_wconf 68' lang='grc' dir='ltr'><strong>φύγῃ</strong></span> <span class='ocrx_word' id='word_1_167' title='bbox 407 2723 565 2810; x_wconf 88' lang='lat' dir='ltr'><strong>scribunt,</strong></span> <span class='ocrx_word' id='word_1_168' title='bbox 594 2723 835 2790; x_wconf 84' lang='lat' dir='ltr'><strong>deliberantem</strong></span> <span class='ocrx_word' id='word_1_169' title='bbox 849 2723 977 2790; x_wconf 87' lang='lat' dir='ltr'><strong>faciunt</strong></span> <span class='ocrx_word' id='word_1_170' title='bbox 991 2724 1261 2815; x_wconf 88' lang='lat' dir='ltr'><strong>Blepsidemum.</strong></span> 
     </span>
     <span class='ocr_line' id='line_1_22' title="bbox 149 2825 1262 2919; baseline -0.001 -22"><span class='ocrx_word' id='word_1_171' title='bbox 149 2829 259 2919; x_wconf 92' lang='lat' dir='ltr'><strong>quue</strong></span> <span class='ocrx_word' id='word_1_172' title='bbox 273 2828 333 2895; x_wconf 88' lang='lat' dir='ltr'><strong>etsi</strong></span> <span class='ocrx_word' id='word_1_173' title='bbox 352 2848 418 2893; x_wconf 92' lang='lat' dir='ltr'><strong>non</strong></span> <span class='ocrx_word' id='word_1_174' title='bbox 435 2825 531 2892; x_wconf 89' lang='lat' dir='ltr'><strong>estin</strong></span> <span class='ocrx_word' id='word_1_175' title='bbox 554 2826 666 2910; x_wconf 84' lang='lat' dir='ltr'><strong>libris,</strong></span> <span class='ocrx_word' id='word_1_176' title='bbox 691 2835 804 2893; x_wconf 89' lang='lat' dir='ltr'><strong>tamen</strong></span> <span class='ocrx_word' id='word_1_177' title='bbox 819 2828 928 2917; x_wconf 87' lang='lat' dir='ltr'><strong>aptius</strong></span> <span class='ocrx_word' id='word_1_178' title='bbox 947 2828 1004 2894; x_wconf 93' lang='lat' dir='ltr'><strong>illo</strong></span> <span class='ocrx_word' id='word_1_179' title='bbox 1018 2829 1097 2895; x_wconf 90' lang='lat' dir='ltr'><strong>loco</strong></span> <span class='ocrx_word' id='word_1_180' title='bbox 1119 2828 1262 2896; x_wconf 86' lang='lat' dir='ltr'><strong>videtur.</strong></span> 
     </span>
    </p>
   </div>
   <div class='ocr_carea' id='block_1_7' title="bbox 16 2927 1263 3021">
    <p class='ocr_par' dir='ltr' id='par_1_7' title="bbox 16 2927 1263 3021">
     <span class='ocr_line' id='line_1_23' title="bbox 16 2927 1263 3021; baseline -0.001 -20"><span class='ocrx_word' id='word_1_181' title='bbox 16 2936 19 2941; x_wconf 82' lang='grc'><strong>’</strong></span> <span class='ocrx_word' id='word_1_182' title='bbox 150 2933 209 3001; x_wconf 87' lang='lat' dir='ltr'><strong>Sic</strong></span> <span class='ocrx_word' id='word_1_183' title='bbox 230 2933 330 3000; x_wconf 89' lang='lat' dir='ltr'><strong>etiam</strong></span> <span class='ocrx_word' id='word_1_184' title='bbox 356 2927 450 3020; x_wconf 90' lang='lat' dir='ltr'><strong>apud</strong></span> <span class='ocrx_word' id='word_1_185' title='bbox 474 2928 740 2996; x_wconf 86' lang='lat' dir='ltr'><strong>Demosthenem</strong></span> <span class='ocrx_word' id='word_1_186' title='bbox 762 2930 796 2996; x_wconf 95' lang='lat' dir='ltr'><strong>in</strong></span> <span class='ocrx_word' id='word_1_187' title='bbox 817 2929 917 3021; x_wconf 89' lang='lat' dir='ltr'><strong>Lept.</strong></span> <span class='ocrx_word' id='word_1_188' title='bbox 937 2954 975 3020; x_wconf 87' lang='lat' dir='ltr'><strong>p.</strong></span> <span class='ocrx_word' id='word_1_189' title='bbox 997 2929 1084 3017; x_wconf 82' lang='lat'>492,</span> <span class='ocrx_word' id='word_1_190' title='bbox 1108 2929 1167 3000; x_wconf 84' lang='lat'><strong>21.</strong></span> <span class='ocrx_word' id='word_1_191' title='bbox 1194 2954 1263 3021; x_wconf 94' lang='lat' dir='ltr'><strong>quo</strong></span> 
     </span>
    </p>
   </div>
   <div class='ocr_carea' id='block_1_8' title="bbox 149 3033 1262 3537">
    <p class='ocr_par' dir='ltr' id='par_1_8' title="bbox 149 3033 1262 3537">
     <span class='ocr_line' id='line_1_24' title="bbox 149 3033 1262 3127; baseline -0.003 -22"><span class='ocrx_word' id='word_1_192' title='bbox 149 3037 228 3105; x_wconf 91' lang='lat' dir='ltr'><strong>loco</strong></span> <span class='ocrx_word' id='word_1_193' title='bbox 243 3033 382 3127; x_wconf 89' lang='lat' dir='ltr'><strong>optativi</strong></span> <span class='ocrx_word' id='word_1_194' title='bbox 403 3055 518 3100; x_wconf 80' lang='lat' dir='ltr'><strong>caussa</strong></span> <span class='ocrx_word' id='word_1_195' title='bbox 534 3033 636 3099; x_wconf 89' lang='lat' dir='ltr'><strong>utitur</strong></span> <span class='ocrx_word' id='word_1_196' title='bbox 650 3033 836 3125; x_wconf 53' lang='lat' dir='ltr'><strong>Remigium</strong></span> <span class='ocrx_word' id='word_1_197' title='bbox 862 3043 1012 3125; x_wconf 88' lang='lat' dir='ltr'><strong>praestat</strong></span> <span class='ocrx_word' id='word_1_198' title='bbox 1031 3033 1125 3123; x_wconf 94' lang='lat' dir='ltr'><strong>quod</strong></span> <span class='ocrx_word' id='word_1_199' title='bbox 1142 3057 1183 3102; x_wconf 82' lang='lat' dir='ltr'><strong>ex</strong></span> <span class='ocrx_word' id='word_1_200' title='bbox 1199 3035 1262 3102; x_wconf 89' lang='lat' dir='ltr'><strong>ali-</strong></span> 
     </span>
     <span class='ocr_line' id='line_1_25' title="bbox 150 3134 1262 3230; baseline 0.001 -22"><span class='ocrx_word' id='word_1_201' title='bbox 150 3152 235 3230; x_wconf 90' lang='lat' dir='ltr'><strong>quot</strong></span> <span class='ocrx_word' id='word_1_202' title='bbox 256 3136 356 3207; x_wconf 86' lang='lat' dir='ltr'><strong>codd.</strong></span> <span class='ocrx_word' id='word_1_203' title='bbox 379 3136 475 3207; x_wconf 83' lang='lat' dir='ltr'><strong>dedit</strong></span> <span class='ocrx_word' id='word_1_204' title='bbox 491 3136 686 3204; x_wconf 87' lang='lat' dir='ltr'><strong>Bekkerus:</strong></span> <span class='ocrx_word' id='word_1_205' title='bbox 718 3139 753 3221; x_wconf 77' lang='lat' dir='ltr'><strong>si</strong></span> <span class='ocrx_word' id='word_1_206' title='bbox 772 3137 810 3208; x_wconf 80' lang='grc' dir='ltr'><strong>δὲ</strong></span> <span class='ocrx_word' id='word_1_207' title='bbox 827 3139 916 3230; x_wconf 82' lang='grc' dir='ltr'><em>μηδ’</em></span> <span class='ocrx_word' id='word_1_208' title='bbox 940 3136 985 3208; x_wconf 84' lang='grc' dir='ltr'><strong>άν</strong></span> <span class='ocrx_word' id='word_1_209' title='bbox 1000 3137 1048 3217; x_wconf 80' lang='grc' dir='ltr'><strong>εἷς</strong></span> <span class='ocrx_word' id='word_1_210' title='bbox 1065 3142 1103 3209; x_wconf 79' lang='grc' dir='ltr'><strong>ἐν</strong></span> <span class='ocrx_word' id='word_1_211' title='bbox 1124 3134 1262 3210; x_wconf 85' lang='grc' dir='ltr'><em>άταντι</em></span> 
     </span>
     <span class='ocr_line' id='line_1_26' title="bbox 150 3231 1261 3337; baseline -0.004 -21"><span class='ocrx_word' id='word_1_212' title='bbox 150 3243 205 3336; x_wconf 75' lang='grc' dir='ltr'><em>τῷ</em></span> <span class='ocrx_word' id='word_1_213' title='bbox 228 3237 345 3337; x_wconf 80' lang='grc' dir='ltr'><em>χρόνῳ</em></span> <span class='ocrx_word' id='word_1_214' title='bbox 374 3235 482 3311; x_wconf 80' lang='grc' dir='ltr'><em>τοῦτ’</em></span> <span class='ocrx_word' id='word_1_215' title='bbox 511 3240 588 3326; x_wconf 82' lang='grc' dir='ltr'><em>ἔχοι</em></span> <span class='ocrx_word' id='word_1_216' title='bbox 611 3242 723 3319; x_wconf 73' lang='grc' dir='ltr'><em>δεῖξαι</em></span> <span class='ocrx_word' id='word_1_217' title='bbox 743 3231 906 3329; x_wconf 77' lang='grc' dir='ltr'><em>γεγονός,</em></span> <span class='ocrx_word' id='word_1_218' title='bbox 940 3239 1037 3320; x_wconf 86' lang='grc' dir='ltr'><em>τίνος</em></span> <span class='ocrx_word' id='word_1_219' title='bbox 1065 3243 1167 3312; x_wconf 78' lang='grc' dir='ltr'><em>εἵνεκ’</em></span> <span class='ocrx_word' id='word_1_220' title='bbox 1200 3237 1261 3334; x_wconf 78' lang='grc' dir='ltr'><strong>ἐφ’</strong></span> 
     </span>
     <span class='ocr_line' id='line_1_27' title="bbox 150 3340 1261 3438; baseline -0.004 -24"><span class='ocrx_word' id='word_1_221' title='bbox 150 3342 253 3438; x_wconf 71' lang='grc' dir='ltr'><em>ἡμῶν</em></span> <span class='ocrx_word' id='word_1_222' title='bbox 276 3341 422 3435; x_wconf 71' lang='grc' dir='ltr'><em>πρῶτον</em></span> <span class='ocrx_word' id='word_1_223' title='bbox 441 3340 668 3434; x_wconf 76' lang='grc' dir='ltr'><em>καταδειχθῇ</em></span> <span class='ocrx_word' id='word_1_224' title='bbox 690 3340 861 3412; x_wconf 80' lang='grc' dir='ltr'><em>τοιοῦτον</em></span> <span class='ocrx_word' id='word_1_225' title='bbox 886 3342 991 3435; x_wconf 79' lang='grc' dir='ltr'><em>ἔργον</em></span> <span class='ocrx_word' id='word_1_226' title='bbox 997 3369 1012 3436; x_wconf 84' lang='lat'><strong>,·</strong></span> <span class='ocrx_word' id='word_1_227' title='bbox 1044 3344 1154 3412; x_wconf 87' lang='lat' dir='ltr'><strong>Recte</strong></span> <span class='ocrx_word' id='word_1_228' title='bbox 1179 3366 1261 3412; x_wconf 86' lang='lat' dir='ltr'><strong>vero</strong></span> 
     </span>
     <span class='ocr_line' id='line_1_28' title="bbox 150 3440 928 3537; baseline -0.001 -25"><span class='ocrx_word' id='word_1_229' title='bbox 150 3445 244 3537; x_wconf 92' lang='lat' dir='ltr'><strong>apud</strong></span> <span class='ocrx_word' id='word_1_230' title='bbox 257 3443 466 3535; x_wconf 87' lang='lat' dir='ltr'><strong>Sophoclem</strong></span> <span class='ocrx_word' id='word_1_231' title='bbox 483 3443 561 3510; x_wconf 90' lang='lat' dir='ltr'><strong>Ant.</strong></span> <span class='ocrx_word' id='word_1_232' title='bbox 580 3440 666 3511; x_wconf 82' lang='lat'><strong>6⁰4.</strong></span> <span class='ocrx_word' id='word_1_233' title='bbox 683 3443 928 3534; x_wconf 90' lang='lat' dir='ltr'><strong>scriptumest,</strong></span> 
     </span>
    </p>
   </div>
   <div class='ocr_carea' id='block_1_9' title="bbox 252 3587 976 3795">
    <p class='ocr_par' dir='ltr' id='par_1_9' title="bbox 252 3587 976 3795">
     <span class='ocr_line' id='line_1_29' title="bbox 252 3587 976 3692; baseline -0.003 -23"><span class='ocrx_word' id='word_1_234' title='bbox 252 3589 359 3674; x_wconf 79' lang='grc' dir='ltr'><em>τεάν,</em></span> <span class='ocrx_word' id='word_1_235' title='bbox 386 3595 479 3683; x_wconf 79' lang='grc' dir='ltr'><strong><em>Ζεῦ,</em></strong></span> <span class='ocrx_word' id='word_1_236' title='bbox 504 3587 652 3667; x_wconf 75' lang='grc' dir='ltr'><em>δύνασιν</em></span> <span class='ocrx_word' id='word_1_237' title='bbox 667 3591 876 3692; x_wconf 77' lang='grc' dir='ltr'><em>τίςοῖνδρῶν</em></span> <span class='ocrx_word' id='word_1_238' title='bbox 973 3684 976 3688; x_wconf 23' lang='lat'><strong><em>¹</em></strong></span> 
     </span>
     <span class='ocr_line' id='line_1_30' title="bbox 254 3692 671 3795; baseline -0.007 -23"><span class='ocrx_word' id='word_1_239' title='bbox 254 3697 457 3795; x_wconf 74' lang='grc' dir='ltr'><em>ὑπερβασία</em></span> <span class='ocrx_word' id='word_1_240' title='bbox 472 3692 649 3788; x_wconf 75' lang='grc' dir='ltr'><em>κατάσχοι</em></span> <span class='ocrx_word' id='word_1_241' title='bbox 657 3727 671 3791; x_wconf 77' lang='grc'><strong>,·</strong></span> 
     </span>
    </p>
   </div>
   <div class='ocr_carea' id='block_1_10' title="bbox 149 3847 1261 4465">
    <p class='ocr_par' dir='ltr' id='par_1_10' title="bbox 149 3847 1261 4465">
     <span class='ocr_line' id='line_1_31' title="bbox 150 3847 1261 3948; baseline -0.001 -26"><span class='ocrx_word' id='word_1_242' title='bbox 150 3855 219 3922; x_wconf 84' lang='lat' dir='ltr'><strong>Vbi</strong></span> <span class='ocrx_word' id='word_1_243' title='bbox 248 3853 396 3946; x_wconf 80' lang='lat' dir='ltr'><strong>graviter</strong></span> <span class='ocrx_word' id='word_1_244' title='bbox 421 3859 591 3937; x_wconf 79' lang='lat' dir='ltr'><strong>errarunt,</strong></span> <span class='ocrx_word' id='word_1_245' title='bbox 627 3853 683 3941; x_wconf 92' lang='lat' dir='ltr'><strong>qui</strong></span> <span class='ocrx_word' id='word_1_246' title='bbox 706 3847 867 3948; x_wconf 76' lang='grc' dir='ltr'><em>κατάσχῃ</em></span> <span class='ocrx_word' id='word_1_247' title='bbox 891 3860 1126 3943; x_wconf 88' lang='lat' dir='ltr'><strong>reposuerunt.</strong></span> <span class='ocrx_word' id='word_1_248' title='bbox 1181 3854 1261 3922; x_wconf 92' lang='lat' dir='ltr'><strong>Non</strong></span> 
     </span>
     <span class='ocr_line' id='line_1_32' title="bbox 151 3955 1260 4048; baseline -0.001 -23"><span class='ocrx_word' id='word_1_249' title='bbox 151 3958 238 4025; x_wconf 86' lang='lat' dir='ltr'><strong>eninr</strong></span> <span class='ocrx_word' id='word_1_250' title='bbox 253 3957 309 4024; x_wconf 92' lang='lat' dir='ltr'><strong>hic</strong></span> <span class='ocrx_word' id='word_1_251' title='bbox 327 3955 568 4041; x_wconf 87' lang='lat' dir='ltr'><strong>deliberationi,</strong></span> <span class='ocrx_word' id='word_1_252' title='bbox 596 3956 656 4023; x_wconf 91' lang='lat' dir='ltr'><strong>sed</strong></span> <span class='ocrx_word' id='word_1_253' title='bbox 671 3958 818 4048; x_wconf 95' lang='lat' dir='ltr'><strong>opinioni</strong></span> <span class='ocrx_word' id='word_1_254' title='bbox 832 3958 926 4026; x_wconf 88' lang='lat' dir='ltr'><strong>locus</strong></span> <span class='ocrx_word' id='word_1_255' title='bbox 942 3966 1001 4028; x_wconf 89' lang='lat' dir='ltr'><strong>est.</strong></span> <span class='ocrx_word' id='word_1_256' title='bbox 1034 3959 1144 4028; x_wconf 87' lang='lat' dir='ltr'><strong>Recte</strong></span> <span class='ocrx_word' id='word_1_257' title='bbox 1160 3956 1260 4024; x_wconf 87' lang='lat' dir='ltr'><strong>ctiam</strong></span> 
     </span>
     <span class='ocr_line' id='line_1_33' title="bbox 150 4057 1259 4152; baseline 0.001 -25"><span class='ocrx_word' id='word_1_258' title='bbox 150 4057 244 4151; x_wconf 91' lang='lat' dir='ltr'><strong>apud</strong></span> <span class='ocrx_word' id='word_1_259' title='bbox 266 4059 557 4126; x_wconf 86' lang='lat' dir='ltr'><strong>Demosthenem</strong></span> <span class='ocrx_word' id='word_1_260' title='bbox 548 4082 582 4125; x_wconf 86' lang='lat' dir='ltr'><strong>rn</strong></span> <span class='ocrx_word' id='word_1_261' title='bbox 602 4082 652 4133; x_wconf 89' lang='lat' dir='ltr'><strong>or</strong></span> <span class='ocrx_word' id='word_1_262' title='bbox 670 4061 715 4127; x_wconf 87' lang='lat' dir='ltr'><strong>ad</strong></span> <span class='ocrx_word' id='word_1_263' title='bbox 733 4062 872 4128; x_wconf 91' lang='lat' dir='ltr'><strong>Phorm</strong></span> <span class='ocrx_word' id='word_1_264' title='bbox 890 4085 926 4152; x_wconf 92' lang='lat' dir='ltr'><strong>p.</strong></span> <span class='ocrx_word' id='word_1_265' title='bbox 952 4060 1038 4147; x_wconf 80' lang='lat'>921,</span> <span class='ocrx_word' id='word_1_266' title='bbox 1053 4060 1089 4133; x_wconf 90' lang='grc'><strong>1.</strong></span> <span class='ocrx_word' id='word_1_267' title='bbox 1117 4061 1259 4152; x_wconf 80' lang='lat' dir='ltr'><strong>legitur:</strong></span> 
     </span>
     <span class='ocr_line' id='line_1_34' title="bbox 149 4158 1259 4286; baseline -0.003 -50"><span class='ocrx_word' id='word_1_268' title='bbox 149 4161 207 4236; x_wconf 81' lang='grc' dir='ltr'><strong>καὶ</strong></span> <span class='ocrx_word' id='word_1_269' title='bbox 223 4159 291 4234; x_wconf 89' lang='grc' dir='ltr'><strong>ὅσα</strong></span> <span class='ocrx_word' id='word_1_270' title='bbox 305 4163 372 4253; x_wconf 81' lang='grc' dir='ltr'><strong>μὲν</strong></span> <span class='ocrx_word' id='word_1_271' title='bbox 388 4158 465 4232; x_wconf 72' lang='grc' dir='ltr'><em>οἶσε</em></span> <span class='ocrx_word' id='word_1_272' title='bbox 475 4189 571 4254; x_wconf 82' lang='grc' dir='ltr'><em>μετα</em></span> <span class='ocrx_word' id='word_1_273' title='bbox 586 4162 649 4256; x_wconf 79' lang='grc' dir='ltr'><em>τῆς</em></span> <span class='ocrx_word' id='word_1_274' title='bbox 670 4159 862 4260; x_wconf 71' lang='grc' dir='ltr'><em>ἀληθείας,</em></span> <span class='ocrx_word' id='word_1_275' title='bbox 893 4191 944 4259; x_wconf 85' lang='grc' dir='ltr'><strong>μη</strong></span> <span class='ocrx_word' id='word_1_276' title='bbox 937 4158 1103 4286; x_wconf 80' lang='grc' dir='ltr'><em>χρῆσθε</em></span> <span class='ocrx_word' id='word_1_277' title='bbox 1119 4191 1259 4260; x_wconf 79' lang='grc' dir='ltr'><em>τεκμη-</em></span> 
     </span>
     <span class='ocr_line' id='line_1_35' title="bbox 150 4256 1258 4389; baseline 0 -52"><span class='ocrx_word' id='word_1_278' title='bbox 150 4263 232 4389; x_wconf 85' lang='grc' dir='ltr'><em>ρι’ῳ·</em></span> <span class='ocrx_word' id='word_1_279' title='bbox 261 4294 284 4336; x_wconf 95' lang='grc' dir='ltr'><em>α</em></span> <span class='ocrx_word' id='word_1_280' title='bbox 279 4259 342 4335; x_wconf 97' lang='grc' dir='ltr'><em>δ</em></span> <span class='ocrx_word' id='word_1_281' title='bbox 359 4256 539 4354; x_wconf 78' lang='grc' dir='ltr'><em>ἐψεύσατο</em></span> <span class='ocrx_word' id='word_1_282' title='bbox 555 4258 601 4336; x_wconf 78' lang='grc' dir='ltr'><em>τά</em></span> <span class='ocrx_word' id='word_1_283' title='bbox 615 4263 788 4358; x_wconf 81' lang='grc' dir='ltr'><em>ὕστερον,</em></span> <span class='ocrx_word' id='word_1_284' title='bbox 816 4268 938 4363; x_wconf 74' lang='grc' dir='ltr'><em>ἐπειδή</em></span> <span class='ocrx_word' id='word_1_285' title='bbox 963 4260 1169 4361; x_wconf 72' lang='grc' dir='ltr'><em>διεφθάρη,</em></span> <span class='ocrx_word' id='word_1_286' title='bbox 1198 4293 1258 4337; x_wconf 84' lang='grc' dir='ltr'><strong>αι-</strong></span> 
     </span>
     <span class='ocr_line' id='line_1_36' title="bbox 150 4359 1258 4465; baseline -0.004 -23"><span class='ocrx_word' id='word_1_287' title='bbox 150 4362 306 4465; x_wconf 80' lang='grc' dir='ltr'><em>στδτιρα</em></span> <span class='ocrx_word' id='word_1_288' title='bbox 324 4361 441 4440; x_wconf 83' lang='grc' dir='ltr'><em>ταῦθ</em></span> <span class='ocrx_word' id='word_1_289' title='bbox 456 4359 729 4460; x_wconf 78' lang='grc' dir='ltr'><em>ντολάβσιτε</em></span> <span class='ocrx_word' id='word_1_290' title='bbox 695 4398 809 4464; x_wconf 81' lang='grc' dir='ltr'><em>ειναι,·</em></span> <span class='ocrx_word' id='word_1_291' title='bbox 834 4370 1011 4442; x_wconf 81' lang='grc' dir='ltr'><em>ἰ.ο.1ιαοσ</em></span> <span class='ocrx_word' id='word_1_292' title='bbox 1030 4390 1258 4440; x_wconf 80' lang='grc' dir='ltr'><em>σοοοοτιονο</em></span> 
     </span>
    </p>
   </div>
   <div class='ocr_carea' id='block_1_11' title="bbox 0 0 1426 4920">
    <p class='ocr_par' dir='ltr' id='par_1_11' title="bbox 0 0 1426 4920">
     <span class='ocr_line' id='line_1_37' title="bbox 0 0 1426 4920; baseline 0 0"><span class='ocrx_word' id='word_1_293' title='bbox 0 0 1426 4920; x_wconf 95' lang='lat' dir='ltr'><strong> </strong></span> 
     </span>
    </p>
   </div>
  </div>
 </body>
</html>
