2842 4920
295 1410 413 1496 DE
483 1406 1144 1498 HYPERBOLE

406 1596 1045 1694 orssunrnrron

613 1874 817 1883 ——--——.

149 2073 302 2175 uMulta
316 2113 391 2171 sunt
405 2105 438 2171 in
452 2103 707 2194 philologorum
720 2106 981 2173 annamcntariis
994 2107 1143 2197 reposita
1151 2105 1274 2174 instru-

172 2217 300 2292 menta,
326 2227 471 2296 quorum
495 2207 659 2273 fabricam
683 2218 784 2296 atque
807 2230 904 2276 usum
929 2210 986 2297 qui
1010 2209 1149 2296 callent,
1182 2219 1275 2277 recte

171 2310 209 2377 iis
226 2319 260 2377 et
275 2332 353 2377 cum
366 2309 478 2376 fructu
492 2317 645 2395 utuntur3
672 2311 812 2399 quinon
829 2311 959 2397 callent,
985 2311 1068 2379 nihil
1082 2312 1274 2404 proficiunt,

172 2413 233 2481 nisi
250 2423 287 2481 ut
302 2413 453 2480 territent
468 2414 644 2480 nonnullos
657 2407 722 2485 orio
745 2408 845 2485 σάκει
861 2407 1123 2510 κωδωνοκρότῳ
1146 2418 1273 2487 παλαι·

174 2515 268 2588 σταί.
319 2516 360 2583 ln
375 2516 412 2584 iis
431 2517 651 2584 instrumentis
670 2539 738 2583 non
758 2517 910 2584 ultimum
928 2526 1042 2584 tenent
1057 2517 1170 2585 locum
1188 2540 1274 2606 quae

81 2658 88 2677 x
173 2642 194 2685 a
213 2620 439 2710 grammaticis
464 2629 497 2688 et
520 2620 596 2686 artis
620 2619 754 2686 dicendi
767 2621 933 2711 magistris
950 2622 1083 2712 figurae
1102 2629 1272 2706 vocantur,

170 2723 458 2813 promptissimum
481 2723 572 2789 omni
597 2723 701 2788 ulceri
727 2724 959 2812 emplastrum:
993 2725 1122 2815 quippe
1150 2747 1272 2792 nomen

170 2825 335 2892 silentium
357 2825 457 2915 facit,
483 2833 536 2908 ut,
564 2825 744 2916 enallagen
759 2827 814 2893 vel
838 2825 876 2897 ἓν
901 2818 964 2898 lto?
980 2830 1080 2899 δυοῖν
1100 2828 1273 2896 simcmc-

168 2951 241 3015 res,
273 2951 435 3017 quaerere
463 2927 544 3019 quid
576 2928 612 2994 id
644 2929 684 2996 sit
712 2929 887 3021 indignum
914 2929 991 3015 rati,
1024 2930 1181 2997 fraudem
1212 2932 1272 2999 sibi

169 3032 244 3099 fieri
266 3033 443 3125 patiantur.
479 3032 525 3099 Et
544 3042 656 3099 tamen
674 3033 729 3099 vix
746 3034 850 3099 ullam
863 3033 1000 3099 istarum
1015 3032 1162 3101 invenias
1179 3036 1271 3126 ligu-

169 3158 304 3222 rarum,
332 3159 418 3225 quae
440 3136 466 3202 si
487 3137 674 3203 accuratius
697 3136 943 3221 consideretur,
968 3137 1015 3201 ita
1038 3137 1079 3203 sit
1096 3137 1270 3228 explicata,

169 3250 222 3323 ut,
252 3262 338 3327 quae
360 3240 401 3305 sit
422 3240 491 3306 eius
515 3249 649 3324 natura,
677 3260 763 3327 quae
785 3239 852 3323 vis,
881 3240 939 3327 qui
960 3239 1061 3325 fines,
1096 3241 1154 3330 qui
1179 3263 1269 3327 usus,

171 3341 247 3408 satis
261 3350 386 3431 pateat
438 3342 539 3408 Libet
559 3341 596 3407 id
611 3343 644 3408 in
659 3362 725 3408 una
737 3343 853 3432 paucis
864 3341 1066 3427 ostendere,
1093 3342 1265 3434 hyperbo-

169 3446 225 3512 len
247 3444 339 3526 dico,
369 3466 436 3510 non
459 3467 526 3533 quo
546 3454 603 3510 aut
625 3443 791 3511 exhauriri
804 3467 907 3536 posse
927 3454 997 3512 tam
1017 3445 1179 3513 infinitam
1195 3470 1269 3513 ma-

170 3548 287 3615 teriam
309 3546 360 3614 his
379 3548 495 3637 paucis
506 3548 650 3639 pagellis
666 3570 820 3637 sperem,
846 3559 903 3616 aut
919 3548 1080 3638 exquisita
1101 3550 1203 3616 velim
1218 3559 1269 3617 at-

169 3675 236 3740 que
250 3650 424 3719 recondita
442 3651 476 3717 in
499 3651 648 3719 medium
662 3651 805 3741 afferre,
832 3651 893 3719 sed
910 3661 996 3720 utet
1013 3675 1145 3720 errores
1164 3676 1269 3742 quos«

82 3812 90 3825 .
168 3754 248 3821 dam
263 3777 475 3837 removeam,
502 3764 536 3822 et
551 3778 638 3844 quae
654 3754 824 3845 permulta
839 3755 884 3822 dc
900 3756 957 3823 illa
971 3757 1083 3848 ligura
1099 3755 1166 3823 dici
1179 3779 1268 3847 pos-·

169 3866 244 3924 sunt
251 3907 261 3944 ,
295 3881 378 3946 quas
400 3857 544 3924 maxime
568 3859 604 3925 in
626 3867 740 3949 partes
761 3858 990 3926 distribuenda
1007 3858 1182 3928 videantur
1205 3859 1268 3927 de-

168 3960 307 4052 signem.
360 3959 518 4029 Definivit
536 3985 611 4029 cam
634 3962 685 4028 his
708 3962 818 4029 verbis
839 3962 1006 4052 Trypho,
1034 3985 1093 4031 seu
1118 3963 1266 4052 quisquis

167 4073 216 4133 est
232 4063 373 4154 scriptor
390 4064 491 4131 libelli
504 4065 548 4132 de
562 4065 679 4154 tropis,
706 4065 838 4133 duobus
851 4066 887 4133 in
896 4064 1025 4134 Museis
1040 4066 1162 4135 criticis
1175 4062 1267 4149 editi,

249 4365 284 4449 *)
307 4367 393 4428 Edita
411 4377 457 4427 est
473 4389 498 4426 a.
513 4370 603 4433 1829·
