2842 4920
150 363 173 423 Β
491 353 549 414 llll
570 349 840 413 Promovet
862 345 909 413 dv

153 555 229 618 ante
243 569 331 615 nunc
343 540 483 639 postris
501 552 688 637 ponuntur,
713 541 827 636 prouti
845 541 953 633 magis
966 540 1011 610 ad
1026 564 1262 635 praegressam

152 673 290 736 vocem,
315 650 369 717 vel
383 649 429 715 ad
444 655 550 716 totam
565 647 760 716 senteutiam
774 653 935 737 spectent
974 646 1067 730 Quin
1081 647 1159 715 illac
1171 671 1262 738 quo-

151 777 220 844 que
240 753 506 839 coniunctiones,
532 774 616 841 quas
629 759 706 819 ante
722 750 935 834 dicebamus,
961 749 1049 839 μέν,
1082 751 1143 838 da',
1178 744 1261 846 γάρ,

153 866 188 925 et
209 879 296 946 quae
325 863 401 924 sunt
424 856 509 923 aliae
525 854 736 940 huiusmodi,
762 862 855 921 certa
872 851 1064 920 conditione
1078 854 1180 921 etiam
1192 864 1263 922 sta·

151 960 213 1028 tim
225 968 304 1050 post
316 958 361 1029 ἄν
376 959 593 1032 collocantur.
644 957 701 1026 Fit
711 958 790 1044 hoc,
811 954 871 1023 ubi
885 953 932 1028 dr
946 955 1001 1024 vel
1014 956 1074 1028 κὲν
1088 979 1165 1024 cum
1180 982 1265 1049 per-

151 1064 261 1131 ticulis
284 1060 559 1130 conditionalibus
580 1062 636 1130 vel
663 1059 918 1152 pronominibus
941 1059 1086 1128 relativis
1108 1062 1163 1128 vel
1191 1062 1263 1129 aliis

152 1167 293 1234 vocibus
308 1165 354 1232 ita
365 1165 578 1232 coniunctum
587 1172 647 1247 est,
664 1173 703 1231 ut
716 1171 773 1230 aut
788 1161 949 1230 coaluerit
963 1185 1042 1229 cum
1056 1163 1095 1231 iis
1110 1164 1145 1231 in
1161 1187 1264 1232 unam

152 1268 345 1356 dictionem,
371 1274 429 1334 aut
444 1291 509 1359 pro
525 1291 591 1336 una
609 1276 723 1335 tamen
738 1266 915 1333 habeatur.
967 1265 1086 1354 ltaque
1102 1259 1168 1339 ἐᾶν
1181 1271 1262 1359 μέν,

153 1365 264 1445 ἐπεάν
281 1371 338 1452 δέ,
365 1367 457 1442 ὅταν
471 1363 552 1467 γάρ,
580 1364 720 1442 ὁπόταν
736 1396 777 1442 τε
793 1367 931 1450 (licitum
957 1377 991 1435 et
1007 1369 1055 1436 sic
1068 1369 1169 1437 etiam
1181 1366 1263 1442 εὖτ’

152 1471 199 1545 do
218 1474 277 1562 δέ,
305 1468 400 1567 ἡνίκ’
420 1471 466 1545 ἄν
488 1475 546 1560 δέ,
574 1481 609 1541 et
624 1471 663 1553 ὃς
680 1471 726 1543 ἄν
743 1473 801 1559 δέ,
827 1479 866 1538 ut
886 1470 979 1562 apud
1000 1471 1215 1541 Herodotum
1237 1473 1263 1544 l.

152 1574 239 1645 138.
268 1575 341 1644 Vll.
356 1572 393 1659 8,
411 1573 447 1642 4.
466 1573 504 1655 dc
520 1575 566 1648 clu
581 1576 649 1668 μέν
664 1601 728 1647 νυν
742 1574 836 1666 apud
851 1574 1009 1642 eumdem
1024 1575 1083 1643 lll.
1098 1574 1159 1643 72.
1191 1576 1264 1645 Sed

152 1702 257 1768 quum
272 1678 400 1746 divisim
413 1678 476 1745 ista
489 1678 654 1764 dicuntur,
676 1687 714 1744 ut
733 1681 768 1750 εἰ
778 1675 836 1762 ἄν,
861 1700 929 1745 nou
943 1687 1057 1768 potest
1069 1679 1164 1768 sequi
1179 1702 1263 1747 con-

151 1783 294 1865 iunctio,
321 1781 383 1848 sed
395 1779 506 1850 media
521 1781 755 1870 poniturinter
772 1803 847 1863 eas,
867 1790 903 1847 ut
919 1783 955 1851 εἰ
972 1777 1008 1851 d'
1032 1779 1100 1870 ἄν,
1127 1783 1203 1855 ἐπεὶ
1225 1780 1263 1855 d‘

153 1883 216 1973 ἄν,
245 1881 309 1955 ὅτε
328 1878 364 1953 d'
389 1881 445 1953 ἄν.
497 1881 597 1949 Vnde
620 1882 720 1948 etiarn
743 1877 826 1952 edre
850 1877 886 1952 δ’
909 1879 954 1951 ἄν
971 1891 1005 1949 ct
1027 1880 1131 1977 ἡνίκα
1157 1881 1193 1957 δ’
1217 1883 1264 1958 du

150 1994 244 2054 recte
258 1984 325 2051 dici
339 1991 491 2074 apparet
544 1983 592 2050 Et
615 1981 653 2062 ὃς
675 1978 712 2056 δ’
736 1981 783 2054 ἄν
806 1982 944 2071 quidem
956 1984 1157 2075 plerumque
1175 1987 1264 2055 divi-

153 2090 214 2156 sim
242 2087 380 2173 dicitur,
412 2086 473 2154 sed
490 2086 563 2154 fere
585 2108 663 2154 cum
688 2084 836 2175 quodam
861 2087 1037 2176 potestatis
1063 2087 1263 2159 discrimine.

152 2192 302 2265 Pertinet
323 2189 391 2262 buc
416 2190 517 2256 etiam
540 2183 690 2278 τάχιστ’
710 2184 757 2259 ἄν
779 2214 820 2260 τε
841 2188 935 2278 apud
959 2189 1263 2283 ‘rhuoyd.11.63.

152 2295 231 2370 Ks'r
253 2314 334 2360 vero
356 2314 459 2381 quum
482 2291 549 2359 hac
572 2291 682 2358 forma
703 2313 887 2379 numquam
905 2292 1072 2361 coalescat
1097 2316 1175 2362 cum
1199 2295 1263 2362 alia

80 2422 83 2429 ·
152 2420 254 2480 voce,
281 2418 417 2486 semper
431 2394 655 2465 coniunctioni
669 2394 898 2486 postponitur:
927 2397 962 2467 εἰ
979 2397 1021 2469 δέ
1033 2422 1073 2467 κε
1089 2390 1143 2491 μή
1159 2392 1263 2470 δώω-

153 2527 222 2572 σιν.
250 2499 323 2568 Sed
336 2499 547 2567 Doriensium
561 2499 677 2590 lingua
687 2498 722 2564 in
737 2523 782 2567 κα
796 2507 959 2565 mutatum
971 2499 1145 2568 coalescitz
1171 2500 1264 2569 unde

152 2602 328 2695 praeeedit
344 2603 629 2670 coniunctionem:
648 2602 732 2671 αἴκα
751 2595 792 2670 δ’
813 2597 907 2693 ἄρνα
920 2594 1014 2697 λα’βῃ
1030 2601 1138 2696 τῆνος
1147 2605 1262 2694 γέρας.

152 2708 267 2792 Atque
279 2704 366 2772 haec
383 2704 519 2794 quidem
534 2704 578 2771 de
600 2702 819 2771 collocatione
841 2703 1005 2772 universe.
1057 2705 1146 2773 Nam
1164 2707 1263 2799 plura

153 2832 196 2882 cx
207 2807 274 2879 hoc
290 2830 416 2905 genere
436 2807 525 2877 iufra
540 2807 607 2880 suis
620 2805 702 2879 locis
722 2805 913 2902 promendo
929 2816 1035 2880 erunt.

681 3011 740 3081 Ill

398 3152 1019 3258 Desigoificrttu.

235 3321 354 3395 ,Nunc
376 3316 420 3385 de
435 3318 621 3408 significatu
645 3316 764 3383 harum
786 3318 1033 3408 particularum
1043 3319 1260 3410 explicemus.

151 3423 216 3493 Est
231 3431 345 3488 autern
360 3420 442 3504 nibil
454 3421 489 3486 iu
504 3420 694 3510 linguarum
710 3420 838 3487 ratione
853 3420 1033 3503 difficilius,
1061 3444 1163 3511 quam
1177 3448 1262 3515 par·

152 3526 329 3594 ticularum
353 3522 420 3588 vim
441 3546 481 3588 ac
497 3530 698 3612 potestatem
717 3523 929 3613 perspicere,
955 3524 1175 3614 distincteque
1199 3527 1262 3594 de-

154 3630 291 3696 clarare.
345 3626 443 3709 Quae
458 3647 562 3714 quum
582 3626 782 3715 plerumque
800 3648 900 3693 sensu
921 3628 1070 3716 quodam
1087 3630 1263 3720 percipia-

152 3742 225 3816 tur,
252 3751 294 3798 ex
315 3729 464 3796 obscuris
483 3737 517 3795 et
537 3728 713 3795 latentibus
734 3728 922 3796 notionibus
938 3731 1146 3820 prodeunte,
1169 3731 1262 3799 diffi-

154 3835 275 3906 cillime
288 3831 439 3900 revocari
454 3830 500 3900 ad
518 3830 623 3898 claras
644 3839 678 3898 et
691 3830 859 3901 distinctas
879 3832 1030 3902 notiones
1045 3843 1179 3924 potest,
1205 3858 1262 3902 re-

153 3945 339 4024 vocataque
365 3956 469 4024 saepe
492 3933 659 4000 evanescit
681 3933 807 4024 magis,
840 3957 942 4022 quam
963 3936 1262 4028 comprehenditur

153 4063 194 4112 sc
213 4039 390 4124 retinetur,
415 4047 554 4126 utquae
570 4035 638 4107 hoe
658 4036 780 4128 ipsum,
803 4038 913 4105 sentiri
928 4040 1057 4129 potius,
1084 4063 1187 4128 quam
1207 4040 1261 4108 in-

152 4143 259 4235 telligi
273 4141 362 4210 velit
413 4139 556 4212 Accedit
570 4139 665 4228 quod
684 4141 923 4230 plerarumque
938 4143 1175 4232 particularum
1190 4153 1261 4210 tam

152 4247 244 4318 varia
258 4254 308 4317 est
320 4242 416 4326 ratio,
441 4251 578 4330 tamque
592 4243 768 4333 multiplex
780 4265 871 4332 usus,
892 4254 929 4311 ut
943 4245 1093 4334 quamvis
1113 4246 1262 4338 diligen-

151 4360 204 4423 ter
225 4348 388 4445 explices,
421 4353 534 4418 tamen
557 4367 660 4443 aegre
682 4344 847 4435 invenias,
878 4347 973 4440 quod
994 4349 1118 4442 ubique
1143 4358 1261 4444 eptam
