2842 4920
512 331 915 400 transslata
1122 302 1127 319 ¹
1208 341 1272 404 ns

160 525 198 592 ld
221 524 266 592 de
291 521 390 591 certis
411 521 508 591 factis
532 522 700 592 diceretur
716 519 847 617 α’νοῖγοι
876 534 911 594 et
933 521 1192 620 ἐφοπλίζομιν,
1224 529 1268 599 de

159 649 376 718 quocumque
396 627 489 694 facto
510 635 641 712 autem,
668 628 763 718 quod
778 637 891 699 mente
906 638 941 698 et
961 630 1165 722 cogitatione
1184 655 1269 702 con-

159 732 281 823 cipias,
316 752 383 821 per
409 730 596 821 optativum
617 732 799 822 profertur.
852 732 1012 817 Quodsi
1040 734 1268 806 coniunctiros

156 834 327 927 posueris,
352 833 399 901 ad
414 834 487 901 sola
507 857 565 920 ea,
591 858 680 925 quae
694 835 840 927 posthac
857 845 1017 905 eventura
1029 836 1112 927 sint,
1137 839 1268 909 refere-

156 947 217 1006 tur.
246 936 317 1010 od.
334 964 371 1008 οι.
391 933 478 1010 253.

258 1083 416 1185 τοιούτῳ
432 1089 471 1164 δὲ
485 1090 625 1171 ἔοικας,
651 1087 728 1164 inci
741 1084 914 1165 λούσαιτο
930 1086 1043 1188 φάγοι
1059 1120 1109 1167 το.

155 1245 197 1312 ld
210 1244 256 1312 de
278 1251 373 1312 certo
385 1242 477 1312 fecto
493 1243 640 1328 dictum,
666 1267 739 1313 esse
760 1244 910 1317 debebat
927 1243 1006 1320 iusi
1019 1238 1195 1321 iioticaao
1208 1247 1268 1321 ιιαλ

155 1350 313 1444 ipoyevs
339 1346 383 1415 de
400 1347 515 1415 fllium
530 1355 644 1415 autem
658 1342 922 1447 &resitutionem
939 1343 1035 1446 φάγῃ
1045 1377 1096 1424 τι.
1123 1351 1164 1420 V.
1179 1349 1266 1418 342.

365 1506 368 1511 '
467 1500 561 1574 ἔνθα
581 1497 617 1575 δ’
635 1497 706 1573 οἴνα
724 1499 907 1595 σταφυλαὶ
924 1508 1098 1575 παντοῖαι
1114 1504 1230 1592 ἔασιν,

257 1595 462 1699 ὁππότοδή
475 1598 569 1685 Διός
583 1600 677 1701 ὧραι
690 1603 915 1699 ἐπιβρίσειαν
931 1601 1101 1700 ὕπερθεν.

154 1756 191 1827 Si
212 1755 249 1824 id
264 1755 359 1846 quod
380 1779 461 1825 vere
481 1757 580 1826 lieret
594 1756 745 1825 indicare
764 1755 939 1844 voluisset,
966 1756 1103 1826 dixisset
1127 1756 1264 1856 ἐπιβρί-

154 1869 308 1950 tooure,
348 1859 375 1928 si
409 1860 539 1949 futura,
578 1859 821 1957 ἐπιβρίσωσιν.
873 1861 974 1929 Νιιιια
1003 1883 1086 1929 vero
1112 1862 1264 1953 optativo

153 1985 230 2031 usus
245 1963 369 2049 antisti,
394 1965 577 2053 praeterita
596 1963 743 2054 respicit,
769 1986 838 2031 non
853 1986 894 2032 ea
910 1973 1023 2033 tamen
1041 1973 1144 2049 certa,
1170 1965 1264 2055 quod

154 2075 240 2135 esset
272 2068 469 2162 ἐπέβρισαν
474 2121 489 2156 ,
526 2067 588 2135 sed
609 2089 844 2157 quaecumque
874 2067 934 2135 tibi
963 2068 1114 2160 cogitare
1144 2069 1263 2138 libeat:

153 2170 242 2238 unde
269 2170 436 2238 coniicere
463 2178 582 2262 potes,
615 2170 709 2260 quod
737 2169 881 2239 antehac
904 2172 1033 2239 factum
1062 2179 1127 2260 est,
1163 2174 1263 2241 etiarn

152 2295 241 2341 nunc
257 2273 333 2340 lieri
354 2281 387 2340 et
399 2273 546 2364 posthac
561 2275 710 2342 futurum
725 2298 811 2346 esse.

254 2374 435 2444 Caeterum
451 2385 489 2443 ut
510 2401 614 2469 saepe
636 2379 723 2470 epici
738 2386 869 2446 veteres
888 2376 1062 2468 particulis
1081 2374 1128 2450 σῖν
1148 2384 1183 2445 et
1203 2376 1263 2451 ιιὲν

152 2486 297 2562 utuntur,
322 2479 382 2546 ubi
394 2482 562 2549 recentior
579 2503 658 2548 usus
673 2481 712 2548 iis
728 2481 899 2572 particulis
918 2480 1070 2560 abstinet,
1101 2480 1147 2547 ita
1161 2480 1263 2548 etianr
1337 2488 1349 2501 '

151 2580 216 2650 hoc
239 2582 274 2649 iu
295 2605 421 2674 genere
442 2606 500 2651 eas
521 2583 689 2652 interdum
710 2591 847 2676 praeter
870 2583 1105 2652 necessitatem
1122 2582 1262 2671 addunt,

151 2694 185 2754 ut
198 2685 296 2756 Iliad.
310 2713 335 2757 ι.
349 2683 437 2759 524,
471 2678 476 2693 “

255 2834 349 2910 οὕτω
367 2837 427 2911 καὶ
441 2836 515 2912 τοῖα
530 2832 696 2935 πρόσθια
710 2832 952 2932 ἐπευθόμεθα
967 2839 1051 2912 κλέα
1066 2835 1210 2938 ἀνδρῶν

253 2934 398 3038 riquino,
426 2937 489 3016 ὅτι
503 2943 564 3016 κέν
576 2937 651 3015 τιν’
665 2937 877 3035 ἐπιζάφελος
890 2935 995 3032 χόλος
1011 2948 1093 3015 ἵκοι.

678 3195 736 3264 lll.

324 3352 389 3424 De
415 3352 632 3448 optativo
652 3372 743 3447 pro
770 3314 1075 3422 οοαλαιιοιὶοο.

251 3507 413 3598 Sequitur
446 3509 589 3578 alterum
613 3508 911 3603 gennsporationis
944 3506 1119 3596 obliquae,
1165 3507 1259 3597 quod

147 3611 335 3702 optativum
359 3613 506 3681 continet
528 3634 593 3703 pro
614 3621 729 3681 rectae
750 3612 906 3680 orationis
928 3611 1139 3679 coniunctivo
1157 3610 1258 3701 posi-

146 3722 236 3799 tum,
265 3723 298 3783 et
319 3717 431 3807 primo
447 3717 586 3806 quidem
604 3717 674 3783 sine
693 3715 859 3809 particula
877 3712 934 3786 ἄν.
986 3713 1042 3781 Ad
1064 3712 1133 3780 hoc
1149 3734 1257 3802 genus

145 3817 258 3907 primo
273 3820 420 3909 pertinet
437 3821 544 3888 omnis
563 3818 620 3886 illa
639 3819 780 3909 optativi
796 3819 900 3903 ratio,
928 3839 1016 3906 quae
1032 3837 1075 3882 ex
1086 3816 1257 3906 particulis

146 3920 303 3990 finalibus
323 3922 462 4013 pendet
513 3923 603 3991 Nam
625 3920 795 4018 ἐποίησα,
829 3919 941 3994 ποιοῖ,
975 3910 1113 4013 ποιήσω
1121 3972 1135 4006 ,
1163 3915 1258 4000 ὅπως

146 4024 295 4121 γένηται
314 4048 419 4115 quum
440 4027 487 4094 sic
503 4025 651 4111 dicatur,
676 4034 714 4093 ut
731 4032 873 4092 eventus
897 4022 1103 4114 significetur
1125 4021 1256 4089 futurus

146 4147 237 4214 esse,
273 4128 373 4196 facile
398 4138 450 4197 est
475 4128 521 4196 ad
539 4127 812 4220 intelligendum,
845 4133 936 4194 recte
960 4125 1005 4192 ita
1031 4123 1097 4191 dici
1118 4126 1256 4214 ubique,

145 4230 202 4296 nbi
217 4253 259 4298 ea
275 4230 424 4300 indicare
435 4233 609 4318 volumus,
635 4239 850 4321 quae-utrum
866 4229 1020 4298 eveniant
1032 4251 1074 4295 an
1085 4250 1168 4313 non,
1196 4249 1255 4294 ex·

145 4334 312 4424 perientia
324 4336 427 4408 simus
444 4336 618 4429 cognituri.
670 4335 711 4403 ld
726 4333 784 4403 ubi
797 4333 985 4426 principale
1000 4330 1138 4400 verbum
1151 4351 1248 4420 prae-
