2842 4920
504 367 591 432 ΜΒ.
611 368 635 435 l.
678 367 773 433 (ΜΡ.
791 375 823 438 2.
1198 381 1222 444 ‘l

106 579 210 626 unum
225 556 366 646 aliquod
381 558 574 643 verborum,
601 584 689 652 quae
705 585 784 631 cum
799 563 858 635 illo
873 565 980 636 verbo
994 589 1095 637 unam
1112 589 1220 637 ennu-

107 663 285 728 ciationem
307 661 476 746 efficiunt,
512 665 672 734 collocari
693 688 832 737 necesse
856 678 915 739 est.
968 671 1039 740 Sed
1059 670 1219 740 differunt

107 789 147 855 ea
159 766 248 832 inre
268 765 404 854 aliquid.
451 764 526 840 *Ar
542 767 630 836 enim
645 792 749 859 quum
770 774 895 841 nonsit
913 775 1083 859 enclitica,
1110 784 1145 843 et
1165 784 1218 843 ta-

105 892 184 936 men
209 869 302 936 initio
329 870 412 959 poni
433 880 598 959 nequeat,
632 882 789 964 apertum
815 884 866 944 est
892 879 973 969 poni
995 902 1071 947 eam
1091 877 1219 946 debere

104 981 185 1063 post
201 994 321 1039 eorum
342 973 482 1062 aliquod
499 976 760 1065 vocabulorum,
786 978 832 1047 ad
855 1003 999 1069 quorum
1023 981 1219 1050 sententiam

108 1075 375 1142 constituendam
388 1078 543 1167 pertinet.
595 1080 674 1152 Κὲν
692 1091 822 1168 autem,
848 1106 936 1173 quae
956 1085 1048 1175 quod
1067 1084 1219 1152 enclitica

107 1188 175 1263 est,
202 1180 247 1246 ab
269 1179 460 1270 incipienda
477 1183 627 1250 oratioue
649 1194 798 1273 arcetur,
826 1187 927 1255 etiam
947 1198 1024 1257 ante
1043 1211 1084 1256 ea
1103 1186 1219 1273 verba,

106 1282 151 1349 ad
177 1304 321 1370 quorum
345 1285 543 1352 sententiam
571 1287 733 1377 pertinet,
765 1291 848 1380 poni
872 1299 1002 1382 potest,
1032 1288 1218 1359 dummodo

107 1386 219 1473 aliqua
235 1408 302 1453 vox
325 1387 359 1453 in
380 1387 501 1455 eadem
522 1391 767 1460 constructione
785 1392 966 1462 verborum
986 1393 1217 1487 praecesserit
1340 1385 1344 1393 ’

105 1489 198 1556 Hine
212 1489 381 1557 Homerus
400 1491 495 1558 lliad.
511 1520 542 1581 χ.
560 1492 621 1563 20.
639 1493 738 1577 dixit,
766 1490 791 1590 η’
807 1491 841 1567 σ’
859 1495 904 1567 σίν
918 1497 1101 1594 σισαίμήν.
1153 1496 1218 1564 ΑΙ-

107 1601 180 1659 tera
200 1592 364 1682 particula
380 1595 407 1660 si
431 1595 478 1660 uti
499 1595 672 1681 voluisset,
699 1596 851 1683 dixisset,
877 1595 960 1692 ἦνί
975 1626 1014 1673 oa
1036 1596 1217 1695 τισαίμην.

107 1695 153 1762 Et
171 1694 267 1783 quod
284 1695 377 1764 idem
391 1697 506 1790 posuit
520 1697 615 1768 lliad.
631 1724 662 1795 η.
678 1692 765 1771 125.

210 1842 236 1943 ἦ
248 1874 287 1920 νε
298 1843 385 1940 μέγ’
402 1841 567 1940 οἰμώξειε
580 1849 695 1945 γ’ἐρων
711 1845 894 1949 ἱππηλάτα
916 1844 1056 1949 Πηλεύς
1062 1905 1076 1940 ,

107 2001 261 2091 Syagrus
277 2000 368 2092 apud
390 2001 605 2069 Herodotum
619 2000 695 2070 Vll.
712 2000 798 2072 159.
820 2005 884 2073 nisi
900 2006 934 2072 in
947 2005 1049 2073 alium
1062 2006 1220 2074 voluisset

107 2127 242 2172 versum
257 2102 432 2172 heroicum
450 2115 666 2195 convertere,

136 2314 139 2319 .
211 2253 235 2352 ἦ
249 2285 288 2329 κε
300 2252 385 2351 μίν
401 2250 586 2351 σι’μσίξειεν
601 2256 623 2331 ὁ
639 2255 1115 2357 astom'oqc'Ayapapvom

107 2436 211 2504 prosa
244 2412 394 2479 oratione
419 2411 531 2480 dicere
555 2411 746 2500 debuisset,
776 2408 801 2506 ἤ
831 2413 924 2503 μέγα
949 2413 995 2485 σίν
1026 2406 1220 2505 uindicem.

108 2523 156 2585 At
172 2514 283 2595 ὄντως
298 2513 344 2586 ἅν
361 2540 401 2586 σε
415 2514 586 2610 τισαίμην
601 2517 726 2583 licebat
742 2514 818 2586 dici.
869 2517 991 2605 Neque
1007 2519 1095 2584 enim
1108 2515 1221 2596 ὅντως

107 2619 274 2708 loquentis
295 2616 648 2705 affectionemauimi,
673 2628 711 2687 ut
724 2613 762 2714 η’,
789 2616 850 2686 sed
864 2619 930 2704 rei,
957 2619 1001 2687 de
1020 2643 1087 2708 qua
1108 2641 1219 2687 sermo

108 2732 176 2806 est,
199 2721 381 2812 quamdam
403 2722 628 2790 conditionem
643 2723 777 2791 indicat.
832 2721 930 2804 Quae
944 2723 994 2791 vis
1011 2746 1115 2813 quum
1135 2723 1221 2791 inest

109 2827 143 2892 in
164 2824 353 2916 particulis,
378 2847 466 2914 quae
487 2848 528 2893 ea
543 2829 746 2918 plerumque
763 2834 896 2911 carent,
930 2834 1001 2894 tum
1015 2828 1110 2918 ipsae
1130 2848 1220 2914 quo-

110 2951 177 3018 que
190 2929 329 2996 statima
342 2929 505 3018 particula
521 2931 566 3002 ἄν
582 2930 690 3020 excipi
704 2935 860 3020 possunt:
880 2938 918 2996 ut
933 2928 1006 3015 καί,
1021 2931 1172 2997 obicum
1184 2928 1221 2995 vi

111 3031 259 3121 quadam
281 3031 408 3098 dictum
423 3032 541 3100 lortius
561 3032 820 3122 pronunciatur,
846 3053 888 3099 re
909 3053 1000 3099 vera
1017 3032 1220 3122 significans,

110 3144 148 3202 ut
166 3134 261 3225 apud
279 3134 492 3225 Herodotum
513 3133 572 3208 lv.
596 3131 682 3201 118.
707 3132 768 3203 καὶ
788 3130 834 3204 σίν
861 3127 1000 3226 ἐδήλου.
1040 3134 1222 3198 Praeterea

112 3239 280 3328 quaedam
300 3239 508 3306 inveniuntur
525 3237 728 3322 locutiones,
754 3256 842 3325 quae
861 3235 994 3304 duobus
1011 3233 1169 3303 membris
1188 3234 1222 3302 in

110 3365 215 3409 unum
231 3341 408 3408 'contractis
418 3343 515 3409 etiam
531 3342 733 3432 particulam
746 3338 792 3410 σίν
805 3362 825 3405 a
836 3341 975 3432 propria
990 3341 1059 3407 eius
1069 3337 1150 3407 sede
1163 3360 1221 3406 re-

111 3446 250 3529 vellunt,
267 3452 304 3511 ut
312 3444 519 3512 usitatissima
529 3445 674 3512 formula
682 3439 746 3516 οὐκ
756 3438 826 3513 οἷδ’
842 3441 887 3514 ἄν
897 3445 932 3515 εἰ
945 3441 1122 3532 πείσαιμι.
1149 3440 1222 3510 Sed

112 3548 215 3616 deltis
225 3548 311 3614 infra
326 3569 388 3614 suo
400 3549 486 3619 loco.
510 3548 676 3616 Caeterae
691 3545 948 3632 coniunctiones,
966 3568 1054 3634 quae
1070 3544 1222 3635 incipere

110 3651 298 3718 orationem
307 3660 487 3738 nequeunt,
513 3674 616 3741 quum
625 3649 1101 3739 statimpostprimamvoeem
1110 3648 1220 3714 collo—

113 3754 327 3839 carisoleant,
335 3753 637 3843 naturaquesuaad
645 3753 772 3820 initium
780 3753 936 3820 orationis
944 3750 1222 3843 pertineant,iuro

112 3857 180 3924 hoc
196 3857 325 3924 habent
341 3859 571 3949 praecipuum,
597 3866 634 3925 nt
652 3864 687 3923 et
699 3854 745 3927 σίν
759 3862 793 3922 et
806 3853 877 3942 νίν,
903 3864 940 3922 ut
952 3878 1040 3944 quae
1055 3853 1100 3920 ad
1113 3855 1223 3944 ipsam

113 3961 311 4029 sententiam
332 3970 505 4049 spectent,
531 3969 611 4053 post
631 3982 687 4027 eas
701 3958 783 4050 poni
797 3957 952 4026 debeant.
1004 3957 1106 4026 Tales
1134 3956 1223 4044 dico,

113 4073 150 4132 ut
164 4065 246 4154 μίν,
263 4064 315 4148 δέ,
333 4063 387 4152 τί,
412 4057 495 4157 γάρ,
513 4063 599 4158 ἄρα,
618 4062 686 4153 μὲν
703 4054 787 4153 γάρ,
801 4062 941 4152 μέντοι.
974 4061 1045 4130 Sed
1060 4059 1127 4128 hae
1139 4084 1222 4151 par-

114 4167 236 4235 ticulae
249 4188 355 4255 quum
371 4169 504 4258 longius
519 4191 539 4233 a
557 4165 726 4257 principio
742 4174 893 4233 remotae
909 4165 979 4232 aliis
994 4164 1104 4232 verbis
1119 4162 1223 4231 subii-

117 4271 271 4352 ciuntur,
296 4278 388 4338 reete
409 4269 585 4362 praecedit
597 4267 644 4340 ἄν
659 4268 713 4336 vel
729 4265 797 4339 νίν.
848 4268 925 4339 Alia
947 4269 1031 4337 ratio
1051 4275 1102 4336 est
1116 4267 1223 4358 parti-

118 4372 268 4440 cularum
281 4374 603 4461 ratiocinationum,
628 4379 666 4439 ut
679 4368 771 4468 ἄρα,
797 4371 901 4469 δῆτα,
929 4367 1006 4455 οὖν,
1034 4393 1122 4461 quae
1135 4392 1223 4437 nunc
