2842 4920
376 364 428 429 DE
445 364 629 427 MENSVRA
644 364 865 441 VTRIVSQVE
887 362 936 431 ἅν.
1143 372 1209 439 mn

107 577 173 622 non
190 553 228 621 in
245 552 424 623 scribendo
444 555 584 645 accidit,
609 557 715 625 verba
726 556 824 624 idem
838 557 1055 648 significantia
1066 582 1207 650 pennu-

106 667 194 742 lam,
222 657 268 744 is,
296 659 435 749 opinor,
463 681 531 726 non
558 682 579 726 a
602 681 684 728 vero
708 683 771 729 nos
795 660 953 730 aberrare
972 662 1150 752 iudicabit,
1180 665 1208 733 si

105 771 245 853 poetam
267 760 314 828 sic
334 762 503 853 scripsisse
520 762 775 833 contendamus:

259 909 342 988 οὔτ’
364 912 410 988 άν
434 908 593 990 ἀδικοῖτ’
613 912 719 990 οὐδὲν
748 911 883 1007 οόδιίς,
920 913 1009 992 οὔδ’
1033 912 1208 1018 όβρὶζοιτῖ

640 1035 686 1109 riv
704 1038 833 1111 θέλων.

103 1188 227 1276 Error,
253 1186 419 1278 antiquior
431 1186 627 1277 Eustatlrio‚
652 1189 697 1258 ab
716 1190 785 1259 hoc
803 1196 854 1259 est
870 1189 1042 1282 repetitus.

203 1341 296 1409 XIII.
338 1340 467 1409 Poterit
489 1341 634 1410 fortasse
661 1344 795 1411 tertium
818 1342 988 1411 decimum
1016 1343 1207 1436 exemplum

103 1469 145 1514 ex
165 1444 292 1513 Cratini
315 1444 426 1511 verbis
448 1445 538 1536 peti,
573 1468 660 1535 quae
687 1446 781 1538 apud
805 1445 1018 1514 Athenaeum
1044 1470 1079 1538 p.
1102 1447 1137 1515 8.
1163 1450 1205 1517 Α.

103 1550 149 1615 sic
169 1550 293 1639 scripta
314 1549 489 1640 leguntur:
517 1547 589 1629 nuic
615 1547 661 1621 άν
677 1543 894 1641 Ἰσχομάχου
916 1543 1067 1642 χιχονολς
1080 1552 1207 1623 Μυκο-

103 1650 182 1724 νίου
206 1650 406 1745 φιλόδωρος
426 1648 471 1722 άν
495 1652 573 1748 οἴης.
631 1650 671 1717 ln
693 1653 813 1741 quibus
835 1674 940 1741 quum
963 1673 1073 1741 neque
1103 1651 1205 1721 dictio

102 1777 207 1821 vacua
220 1754 299 1820 sitio
325 1754 382 1840 sit,
407 1776 519 1842 neque
544 1756 672 1821 numeri
693 1757 751 1844 qui
771 1756 880 1823 usitati
901 1756 965 1822 sint
990 1756 1205 1845 inveniantur,

101 1866 256 1948 apertum
278 1865 347 1942 est,
389 1856 616 1925 sihaecsunt
645 1880 686 1925 en
708 1859 858 1927 versibus
885 1859 1035 1926 iambicis
1061 1869 1205 1949 sumpta,

101 1983 167 2027 non
181 1961 277 2026 aliter
300 1968 380 2050 apto
403 1968 503 2048 atque
521 1960 668 2051 eleganti
689 1984 829 2029 numero
850 1963 1016 2029 trimetros
1036 1961 1204 2051 incedere,

99 2085 203 2153 quam
222 2061 391 2156 producta
410 2062 594 2155 particula,
618 2064 688 2131 sive
711 2065 758 2131 sic
783 2065 977 2133 distribuas:

303 2213 376 2294 πός
391 2212 436 2285 άν
450 2209 672 2307 Ἰσχομάχου
686 2212 795 2312 χοχως
809 2218 879 2292 τοῦ
891 2211 1084 2293 Μυκονίου

256 2325 457 2430 φιλόδωρος
475 2329 521 2404 άν
540 2335 630 2430 εἴηςς

99 2488 168 2558 sive
188 2485 258 2556 hoc
277 2484 399 2557 modo:

595 2633 668 2716 πός
688 2635 734 2710 άν
751 2630 973 2728 Ἰσχομάχου
995 2633 1102 2733 χιχιδς

253 2753 322 2829 τοῦ
335 2752 527 2830 Μυκονίου
541 2749 741 2855 φιλόδωρος
758 2755 803 2828 άν
821 2758 893 2855 εἴης
900 2784 915 2848 ,·

97 2912 170 2983 Sed
184 2921 297 2979 tamen
310 2908 389 2976 huic
405 2908 543 2998 quidem
561 2907 755 3001 fingmento
775 2911 848 3000 quis
864 2910 990 3001 aliquid
1005 2911 1145 2997 tribuat,
1168 2913 1202 2980 in

98 3040 168 3107 quo
184 3036 294 3104 neque
309 3022 437 3079 constat
453 3010 640 3101 demetra,
667 3022 700 3081 ct
714 3013 908 3102 relinquitur
926 3014 1027 3100 iliud,
1047 3023 1086 3080 ut
1100 3015 1142 3082 sit
1160 3038 1202 3083 ex

97 3121 229 3187 cantico
251 3117 511 3206 depromptum,
535 3115 662 3207 inquo
680 3117 866 3186 trimetrum
890 3125 1087 3209 sequeretur
1106 3118 1201 3187 clau-

96 3224 171 3292 sula
185 3220 413 3312 anapaestico:
772 3209 779 3224 ’

262 3364 462 3469 φιλόδωρος
479 3369 525 3443 άν
537 3372 618 3471 εἴης.

199 3524 293 3596 xlv.
355 3524 522 3609 Quartum
556 3522 726 3592 decimum
767 3522 959 3614 exemplum
991 3545 1013 3589 a
1044 3522 1200 3593 Dindor-

93 3628 142 3695 fio
172 3628 300 3695 illatum
340 3637 391 3695 est
423 3629 614 3718 fragmento
646 3626 826 3695 Menandri
861 3624 954 3716 apud
987 3624 1200 3694 Athenaeum

94 3730 186 3799 vfll.
217 3753 253 3821 p.
278 3727 363 3797 364.
389 3730 431 3798 E.
463 3731 524 3807 ubi
558 3732 585 3797 is
611 3729 705 3820 quod
737 3731 812 3798 libri
840 3729 967 3796 habent
1001 3723 1199 3800 denisium
1281 3737 1286 3750 '

95 3830 142 3904 οἲν
176 3835 267 3904 ἑλεῖν
302 3834 457 3919 mutavit,
501 3834 593 3901 cuius
628 3855 696 3924 ego
726 3833 914 3900 mutationis
948 3852 1098 3897 caussam
1130 3853 1199 3899 non

93 3935 282 4027 perspicio,
314 3959 378 4005 nec
405 3936 505 4005 video
536 3935 697 4026 quid-ad
724 3934 992 4003 emendationem
1018 3934 1198 4024 fragmenti
1277 3934 1282 3942 '

93 4059 162 4106 non
183 4038 301 4106 leviter
323 4041 472 4131 corrupti
506 4039 677 4106 conferat.
718 4037 789 4106 Sed
816 4059 941 4128 operae
973 4037 1119 4125 pretium
1148 4046 1198 4104 est

92 4162 210 4208 versus
248 4142 340 4228 illos,
380 4144 438 4231 qui
463 4143 598 4210 fuerunt
627 4143 662 4209 in
695 4143 829 4237 Μέθῃ,
869 4139 1054 4208 accuratius
1082 4140 1197 4208 consi-
1293 4177 1294 4181 =

93 4242 225 4315 derare.

143 4376 436 4450 ilunn.01².lV·.
918 4374 989 4443 Bb
