2842 4920
150 364 195 431 88
493 358 553 420 DE
584 355 861 420 Pluulcvua
883 353 929 422 dv

153 551 259 650 γικῆς.
312 549 480 622 Omittuut
494 550 587 642 prius
602 548 647 622 ἄν
664 551 803 620 membr.
817 549 918 618 Bodl.
938 556 972 617 ct
983 557 1049 617 tres
1068 573 1087 617 e
1100 551 1266 621 tredecim

156 655 256 726 codd.
277 656 438 729 Bekkeri.
490 653 830 748 ApudHerodotum
856 654 883 722 1.
911 652 973 722 93.
996 656 1100 745 vulgo
1121 659 1155 736 ἐς
1174 647 1199 728 δ’
1220 656 1267 728 ἄν

156 753 422 856 συνοικήσουσι.
475 757 546 828 Sed
571 757 709 846 quidam
732 756 834 828 codd.
856 766 893 826 nt
915 755 1089 825 Werferns
1112 759 1266 828 scriben-

156 861 238 930 dum
250 864 396 949 monuit,
423 855 670 954 συνοικήσωσι.

258 964 365 1050 Quod
387 965 414 1032 si
431 986 595 1032 summam
609 962 751 1052 horum,
777 985 865 1052 quae
886 961 1147 1055 disputavimus,
1174 985 1266 1055 pau·
1309 985 1311 992 ·

157 1066 204 1134 cis
229 1069 381 1138 volumus
407 1065 714 1158 comprehendere,
748 1068 796 1135 sic
816 1067 878 1133 erit
899 1064 1129 1135 statuendnmz
1155 1067 1268 1158 primo

156 1169 262 1237 videri
283 1171 328 1242 du
348 1169 494 1237 construi
514 1191 616 1260 posse
639 1192 717 1237 cnm
738 1171 852 1238 futuro
869 1171 903 1236 in
921 1169 1109 1237 narratione
1123 1171 1173 1237 rei
1193 1170 1267 1237 for-

156 1273 276 1354 tuitae3
307 1272 429 1340 deinde
450 1273 607 1364 coniungi
629 1295 706 1341 cum
731 1296 789 1357 co,
824 1272 885 1339 sed
908 1295 977 1340 non
995 1281 1032 1340 ut
1056 1273 1097 1339 sit
1119 1282 1268 1341 constru-

158 1385 267 1463 ctum,
300 1399 424 1467 posse,
456 1375 515 1442 nbi
542 1377 709 1471 pertineat
738 1375 783 1443 ad
816 1375 916 1443 aliam
940 1375 1130 1462 notionem,
1164 1399 1268 1471 quam

158 1478 292 1568 quaein
312 1478 406 1545 verbi
427 1474 540 1545 futuro
562 1480 665 1560 inest,
692 1477 879 1546 dummodo
900 1502 941 1546 ea
961 1478 1035 1546 talis
1052 1479 1109 1564 sit,
1136 1485 1173 1544 nt
1193 1464 1269 1571 ipsa

156 1603 221 1674 per
234 1604 270 1650 se
286 1582 337 1651 rei
353 1581 510 1650 lortuitae
525 1603 566 1650 ac
582 1580 705 1651 dubiae
719 1581 926 1651 notationem
938 1590 1018 1676 apte
1030 1580 1181 1675 recipiat.

684 1803 744 1870 IX,

220 1931 229 1942 ’
281 1934 351 2007 Dc
376 1933 430 2011 do
456 1958 555 2007 cum
579 1936 844 2008 indicativo
860 1939 1145 2032 praeseutia.
1212 1963 1243 1988 2

261 2088 376 2182 Magis
398 2115 501 2180 qnam
523 2091 643 2176 futuri,
670 2093 855 2181 praesentis
879 2091 1047 2159 indicativi
1067 2094 1269 2160 constructio

113 2272 121 2287 ο
160 2215 238 2260 cum
255 2190 421 2285 particula
445 2193 491 2266 ἄν
514 2203 729 2261 controversa
753 2202 815 2261 est.
863 2194 952 2261 Eam
978 2193 1134 2261 tuebatur
1158 2195 1269 2262 Brun·

92 2359 97 2365 .
161 2295 270 2381 oldus,
298 2318 400 2384 quem
413 2295 492 2364 vide
508 2295 553 2364 ad
569 2295 741 2387 Aristoph.
767 2296 854 2366 Plnt.
870 2293 956 2364 885.
972 2297 1038 2386 Eq.
1054 2295 1166 2363 1131.
1179 2297 1267 2368 Ach.

159 2396 246 2466 813.
280 2399 419 2491 Negant
439 2399 664 2491 grammatici:
699 2398 886 2488 dequibus
909 2423 1014 2490 supra
1040 2397 1178 2468 dictum.
1230 2398 1269 2467 si

37 2511 38 2514 ’
159 2523 228 2591 qua
245 2510 296 2570 est
311 2503 412 2587 ratio,
439 2526 507 2591 qua
528 2502 574 2575 ἄν
597 2524 675 2570 cum
699 2503 883 2594 praesentis
906 2503 1086 2570 indicativo
1110 2501 1270 2593 coniungi

83 2666 84 2671 ,
158 2606 285 2698 possit,
311 2627 379 2673 non
400 2615 516 2696 potest
538 2607 603 2674 alia
632 2628 725 2693 csse,
753 2628 855 2695 quam
882 2605 1008 2698 duplex
1036 2604 1108 2692 illa,
1136 2605 1180 2672 de
1201 2628 1269 2694 qua

158 2706 263 2774 modo
278 2708 312 2774 in
326 2707 429 2775 futuri
443 2709 665 2800 explicatione
687 2707 814 2776 dictum
830 2716 890 2779 est.
942 2708 1013 2777 Sed
1033 2709 1068 2775 in
1089 2709 1156 2776 hoc
1180 2730 1270 2798 quo-

161 2831 229 2899 que
263 2832 389 2903 genere
423 2833 548 2903 magna
575 2834 654 2901 pars
685 2809 917 2901 exemplorum
947 2820 1106 2902 corrupta
1136 2820 1202 2898 est,
1235 2818 1271 2878 et

160 2934 263 3002 saepe
298 2911 436 3000 quidem
473 2915 690 2981 metricorum
721 2914 900 3000 industria,
950 2914 1130 3003 aliqnando
1170 2914 1270 2982 etiam

161 3015 352 3083 criticorum
372 3016 539 3106 imperitia
555 3008 804 3108 grammaticae.
854 3017 923 3103 Qui
940 3039 1070 3087 errores
1091 3017 1194 3084 hodie
1214 3017 1270 3097 vel

79 3158 84 3171 =
160 3118 281 3186 sublati
294 3126 379 3206 snut,
400 3119 454 3186 vel
468 3121 633 3188 removeri
647 3143 667 3185 a
681 3120 798 3207 quovis
810 3129 960 3208 possunt.
990 3119 1079 3188 Vide
1094 3119 1269 3210 Aristoph.

115 3277 120 3290 .
159 3222 247 3290 Plut.
270 3219 357 3291 883.
382 3222 472 3289 Nub.
499 3216 584 3289 395.
609 3222 696 3289 Ran.
717 3219 829 3291 1421.
849 3222 937 3290 neh.
960 3219 1045 3290 151.
1069 3221 1134 3291 Av.
1156 3220 1268 3290 1⁰69.

159 3323 263 3412 Vesp.
281 3321 366 3392 343.
383 3322 523 3391 Thesm.
540 3321 601 3390 99.
629 3323 768 3391 Stobaei
785 3324 893 3392 Serm.
908 3325 970 3395 111.
993 3321 1053 3393 75.
1075 3348 1110 3417 p.
1125 3324 1186 3412 44,
1208 3323 1268 3392 14.

159 3424 203 3492 V.
217 3422 277 3495 63.
291 3447 325 3513 p.
344 3421 405 3507 69,
423 3423 457 3494 8.
481 3424 574 3493 xci.
593 3422 652 3492 24.
666 3447 702 3514 p.
718 3423 804 3507 503,
823 3422 882 3493 20.
910 3426 1030 3495 CVlll.
1047 3423 1107 3496 59.
1129 3452 1166 3518 p.
1181 3422 1270 3513 571,

161 3525 221 3598 ld.
249 3525 354 3594 CXX.
377 3523 436 3593 30.
462 3527 584 3618 Eclog.
605 3526 630 3593 1.
654 3525 688 3593 8.
711 3552 747 3618 p.
769 3525 854 3596 126.
887 3529 1059 3620 Euripidis
1080 3553 1215 3599 versum
1234 3531 1272 3597 in

159 3628 214 3697 El.
231 3627 341 3701 1121.
358 3631 497 3724 egregia
512 3628 745 3698 emendatione
758 3630 885 3700 sanavit
899 3631 948 3700 lo.
964 3634 1035 3700 Vlr.
1048 3632 1167 3720 Faesi,
1193 3633 1270 3701 Tu-

159 3754 313 3802 mcensrst

329 3882 435 3985 o‘pqim
462 3882 523 3961 ἄν’
538 3881 587 3960 αὖ
602 3880 647 3960 cd
662 3891 829 3982 ζωπυρεῖς
843 3883 933 3986 ἄλγη
947 3889 1029 3991 ra'u·

159 4041 182 4109 i.
197 4062 226 4106 e.
245 4033 494 4134 σῖναζωπυρεΐς.
549 4042 647 4126 Quae
672 4037 840 4108 Matthiae
863 4041 898 4108 in
914 4064 966 4132 gr.
983 4040 1044 4110 Gr.
1070 4035 1216 4138 9598.
1238 4065 1267 4113 c.

162 4141 296 4225 attulit„
320 4142 429 4210 aliena
455 4151 547 4230 sunt,
577 4152 713 4235 praeter
732 4143 879 4211 Platonis
905 4145 1018 4212 locum
1037 4146 1072 4214 in
1093 4147 1201 4214 Alcib.
1225 4144 1268 4213 Il.

161 4269 198 4339 p.
211 4242 296 4314 142.
306 4245 347 4312 Ε.
363 4245 420 4311 ubi
434 4267 524 4312 nnuc
537 4247 625 4336 γοῦν
640 4268 706 4335 pro
723 4241 758 4338 γ’
774 4246 819 4318 ἄν
832 4247 1027 4318 restitutum.
1052 4247 1156 4340 Apud
1172 4271 1269 4315 enm-

131 4340 136 4349 ’
162 4348 242 4418 dem
261 4348 305 4417 dc
321 4349 432 4443 Legg.
449 4347 483 4417 1.
504 4347 563 4422 la
582 4373 619 4441 p.
636 4347 723 4439 647,
736 4349 777 4421 A.
800 4357 891 4418 recte
904 4351 1035 4434 Aetius,
1061 4347 1123 4450 ἄρ’
1144 4347 1187 4424 od
1209 4351 1270 4422 καὶ
