2842 4920
525 377 684 441 LIB.1V.
729 375 876 442 ΕΔΜ
955 426 958 432 -
1199 381 1263 445 lot

150 567 328 666 Θηβαιοις
345 564 418 643 δ
397 569 524 643 οτιοῦν
545 568 591 644 ἂν
602 567 817 691 ἐφησθῆναι
833 561 1027 642 πείθουσιν.
1083 566 1188 653 Quod
1211 577 1263 636 est

149 668 337 749 πείθουσιν
353 670 481 748 ὁτιοῦν
496 671 542 748 οἲν
558 664 727 746 πείθοιεν.

675 912 735 982 lv.

449 1081 518 1153 De
543 1081 595 1158 ἂν
623 1083 794 1155 omisso
819 1080 968 1152 verde.

257 1235 473 1326 Quicumque
482 1238 578 1306 verbi
593 1238 714 1308 modus
725 1262 802 1307 cum
817 1236 862 1310 ἄν
876 1240 1022 1307 construi
1035 1244 1158 1328 potest,
1183 1244 1264 1326 pot·

152 1349 203 1408 est
218 1341 319 1408 ctiam
338 1341 464 1427 omitti,
489 1341 529 1408 iis
550 1341 688 1432 quidem
710 1342 974 1426 conditionibus,
999 1365 1088 1432 quae
1102 1340 1264 1430 propriae

152 1453 228 1511 suut
237 1444 421 1512 verborum
432 1444 626 1534 omissionis,
653 1455 689 1513 ut
701 1447 755 1514 vel
770 1469 812 1515 ex
823 1444 1103 1535 praecedentibus
1117 1465 1262 1532 sequen-

152 1546 285 1615 tibusve
308 1549 520 1667 cogitatione
540 1559 733 1640 repetatur,
758 1550 834 1636 vel,
864 1549 944 1638 quia
960 1549 1025 1615 alio
1047 1546 1152 1616 modo
1168 1555 1265 1637 patet

153 1649 236 1739 quid
249 1651 478 1743 supplendum
495 1651 552 1738 sit,
577 1675 648 1720 non
662 1652 860 1720 iudicetur”
840 1674 878 1718 us
894 1674 981 1743 opus
996 1675 1080 1723 esse
1133 1651 1272 1718 Demo-

153 1754 344 1846 εὼθιιθερ.
366 1750 453 1841 552,
471 1753 530 1823 23.
556 1751 738 1851 χρώμενος
759 1753 871 1846 ὥςπερ
895 1782 949 1826 αν
963 1751 1068 1834 ἄλλος
1088 1779 1144 1832 τις
1164 1748 1265 1846 ου’τηι
1406 1811 1409 1815 .

153 1851 202 1930 voi
216 1849 291 1952 πρό
306 1851 462 1944 τούτου,
490 1858 648 1926 scilicet’
630 1853 820 1958 εχρήσατο.
848 1853 936 1948 578,
956 1855 1016 1926 28.
1038 1852 1194 1935 οὐθεις
1172 1872 1266 1935 οςτις
1391 1915 1394 1920 4

155 1963 221 2033 ουίι
244 1958 301 2032 οἷν.
353 1962 491 2052 Repete
511 1984 553 2030 ex
574 1961 854 2053 praecedentibus
874 1961 1062 2056 παρέσχεν.
1089 1956 1178 2049 586,
1203 1956 1264 2031 10

155 2066 213 2135 δει
230 2059 356 2138 τοίνυν
379 2057 527 2144 τούτοις
546 2063 751 2158 βοηθεῖν
730 2064 863 2158 ομοίως
884 2060 996 2158 ὥςπερ
1018 2062 1063 2135 oin
1085 2059 1187 2156 αὐτῷ
1210 2087 1266 2141 τις

155 2163 400 2262 ἀδικουμένην,
428 2167 555 2236 scilieet
575 2164 806 2267 βοηθήσειεν.
834 2163 922 2253 659,
945 2165 1006 2234 24.
1032 2194 1091 2239 ναι
1113 2193 1188 2262 μην
1208 2161 1268 2236 eod
1353 2182 1358 2189 ’

155 2274 300 2364 χρυσοῖς
321 2264 516 2364 στεφάνοις
538 2272 805 2367 ιστεφανοῦτε,
833 2267 898 2343 ουίι
922 2298 989 2358 αν,
1018 2272 1093 2363 ot'y
1099 2261 1268 2363 ’ἐχθρόν
1382 2355 1387 2364 ,

155 2370 314 2496 ηνεῖσθι
366 2374 544 2465 Repete’
526 2376 783 2470 εστεφανοῦτι.
811 2372 900 2459 249,
919 2373 955 2447 2.
980 2374 1069 2469 φέρε
1088 2399 1158 2465 γαρ
1178 2365 1268 2493 we&

156 2469 315 2564 Διός,”
293 2501 393 2550 εστιν
410 2475 503 2558 ὄςτις
520 2475 566 2551 ἄν
587 2475 612 2573 ἢ
636 2471 811 2602 πρόεδρός
825 2504 898 2550 ποτ
907 2470 1152 2572 ἐψήφιστοῆ
1170 2466 1268 2595 πρυ-

156 2606 259 2660 τανις
272 2606 415 2654 τουτων
430 2608 470 2653 τι
486 2580 560 2653 τῶν
577 2607 615 2653 εν
631 2578 685 2676 τῷ
698 2573 798 2675 νόμῳ
812 2581 1092 2675 γεγραμμένων,
1120 2569 1188 2670 ε’γω
1199 2576 1269 2668 μὲν

157 2678 317 2756 ουδέν
292 2710 338 2756 αν
359 2679 487 2776 οἶμαι,
515 2684 643 2753 seilicet
657 2681 873 2782 ἐψηφίσθαι.
925 2682 993 2751 Hic
1015 2681 1153 2773 quidem
1169 2681 1269 2749 omit-

157 2794 232 2855 tunt
243 2787 320 2855 libri
332 2787 481 2878 quidam.
534 2788 706 2881 Euripidis
719 2788 793 2857 Alc.
811 2784 898 2857 181.

535 2939 574 3014 σὲ
601 2937 637 3014 d'
662 2938 751 3035 ἄλλη
778 2932 834 3020 τις
859 2932 949 3034 yvon*
973 2933 1206 3035 κεκτήσεται,

263 3035 416 3141 σώφρων
440 3042 510 3136 μὲν
536 3039 602 3116 οὑν
622 3041 668 3116 ἄν
692 3042 852 3134 μᾶλλον,
879 3036 1029 3136 εὐτυχής
1055 3037 1091 3112 d’
1118 3041 1210 3120 ἴσως.

158 3198 247 3268 Vide
260 3220 348 3289 quae
361 3197 409 3266 ibi
431 3198 559 3268 notavit
574 3197 751 3266 Matthiae.
777 3195 881 3265 Adde
898 3193 1011 3286 Soph.
1025 3192 1169 3263 Philoct.
1183 3186 1270 3262 571.

265 3345 354 3449 node
378 3357 486 3425 ποῖον
513 3351 559 3426 οἳν
584 3348 689 3426 τόνδ’
713 3344 823 3432 adedo
851 3342 1057 3429 Oiidvooadc
1083 3349 1192 3422 ἔπλει.

161 3505 252 3575 Vide
267 3505 316 3574 ibi
330 3505 499 3574 adnotata
551 3507 591 3576 lu
606 3506 725 3574 eadem
739 3504 855 3573 fabula
869 3503 957 3575 493.

267 3657 309 3733 ὃν
309 3654 382 3778 δη
406 3653 537 3732 πάλαι
563 3657 609 3733 cir
635 3655 762 3743 ἑξότου
789 3654 923 3732 da'dom
948 3651 1018 3750 ἐγω

265 3755 319 3860 μή
343 3789 412 3854 μοι
436 3755 582 3860 fiditu-

161 3915 374 4008 lntellige''
336 3943 400 4012 ειη.
453 3918 545 4004 Quin
566 3917 666 3986 etiam
689 3914 918 3984 coniunctivus
935 3909 1104 3980 omittitur.
1155 3908 1273 4002 Eurip.

161 4020 308 4113 Hippol.
326 4015 414 4094 659.

267 4174 334 4249 νῦν
361 4178 399 4248 δ’
427 4178 464 4248 ε’νι
491 4167 613 4266 δόμων
638 4173 718 4265 μέν,
745 4171 779 4250 ἔς
804 4165 843 4242 τ’
870 4168 916 4240 ἄν
942 4167 1094 4290 ἔνδημος
1119 4161 1254 4257 χθονός
1307 4141 1308 4145 ¹

272 4266 429 4377 Θησεύς,
453 4274 602 4371 ἄπειμι,
630 4280 713 4369 σῖγα
739 4268 775 4347 d'
802 4277 929 4364 ἕξομεν
955 4295 1085 4362 στομα.
