2842 4920
228 384 294 447 m
479 373 774 441 monnulultlvlu
795 375 909 437 umus
931 376 1085 441 PRIMVS.

230 575 265 642 in
282 570 396 640 ludice
417 590 449 637 v.
468 563 552 653 κᾶν,
579 574 723 657 propter
743 588 845 634 uuum
869 567 1031 652 verbum,
1057 569 1126 639 siue
1149 569 1241 638 malo
1260 573 1336 641 ani.

230 699 287 745 mo
314 673 464 765 positum
487 669 523 738 in
550 668 757 761 praefatione
785 668 829 737 ad
855 669 977 739 librum
1005 670 1152 765 Vigerii,
1188 672 1233 743 de
1265 697 1334 764 qua

230 780 332 870 culpa
358 774 499 867 exposui
526 773 559 839 in
583 772 776 840 dissertione
802 795 905 862 quarn
931 773 1050 865 scripsi
1078 774 1123 844 de
1144 779 1333 868 transposi-

229 885 320 951 tione
339 880 529 948 verborum.
580 875 665 945 lude
686 875 766 943 alias
787 884 890 966 atque
905 877 985 946 alias
1000 878 1149 947 invenire
1165 880 1226 948 sibi
1243 881 1332 950 risus

229 994 281 1055 est
294 1004 444 1069 caussas,
470 979 590 1069 quibus
608 977 725 1047 odium
739 980 842 1047 semel
861 979 972 1049 auimo
989 992 1194 1075 conceptum
1215 983 1331 1053 aleret.

228 1089 330 1160 Cuius
359 1085 429 1154 odii
456 1084 526 1150 vim
552 1102 688 1150 omnem
710 1082 927 1174 impetusque
950 1086 1160 1172 quantumvis
1189 1084 1331 1155 indeco-

227 1214 303 1280 ros,
337 1186 499 1279 quamdiu
519 1188 593 1278 ipse
620 1185 710 1254 solus
736 1187 900 1278 petebar,
934 1198 1049 1255 tacens
1078 1209 1188 1280 aequo
1217 1190 1331 1258 animo

228 1293 379 1365 sustinui:
405 1291 464 1360 ubi
485 1299 598 1358 autem
615 1298 759 1381 propter
777 1312 833 1357 me
851 1289 951 1358 etiam
974 1289 1154 1382 discipulos
1177 1314 1273 1360 meos
1297 1301 1332 1360 et

227 1393 517 1468 vehementissime
533 1401 568 1460 et
580 1392 789 1461 iniustissime
806 1403 857 1461 est
877 1391 1033 1480 adortus,
1056 1404 1237 1486 postquam
1256 1396 1342 1487 ipse'

228 1501 344 1571 ciclixi
364 1497 473 1566 idme
496 1519 565 1565 uon
583 1519 656 1565 esse
668 1518 865 1587 passurum,
892 1497 943 1566 bis
957 1506 1051 1566 terve
1068 1496 1113 1566 de
1133 1499 1191 1566 illa
1207 1497 1331 1589 iniqui-

226 1614 294 1674 tate
318 1609 518 1690 conquestus
543 1622 635 1682 sum3
661 1608 957 1691 postremumque,
983 1622 1089 1691 quum
1112 1602 1213 1669 etiam
1235 1623 1329 1669 mor·
1400 1674 1402 1678 λ

226 1719 285 1777 tuo
310 1706 516 1789 insultasset,
543 1703 579 1771 id
601 1703 668 1770 feci
691 1703 754 1770 illis
775 1726 862 1792 qnae
881 1726 984 1797 supra
1008 1703 1108 1772 allata
1124 1713 1200 1773 sunt
1217 1706 1329 1773 verbis

226 1814 259 1880 in
286 1809 498 1903 praefatione
523 1807 683 1875 Nubium.
739 1805 792 1872 Ea
821 1828 888 1900 ego
919 1830 988 1876 non
1018 1807 1069 1874 ira
1101 1807 1328 1894 debacchans,

224 1925 261 1984 ut
285 1914 350 2007 ipsi
369 1913 476 1980 visum
495 1919 559 1996 est,
596 1909 731 2000 scripsi,
758 1909 821 1977 sed
845 1919 916 1978 tam
935 1908 1144 1980 considerate
1170 1919 1204 1980 et
1229 1912 1328 2004 cogi-
1401 1955 1403 1959 -

19 2051 24 2059 ·
127 2104 130 2109 1
223 2027 312 2107 tate,
346 2038 447 2105 quam
474 2013 619 2082 decebat
644 2013 702 2102 qui
726 2012 853 2081 nullum
878 2013 1020 2082 verbum
1045 2036 1178 2105 ponere
1203 2015 1328 2082 consti-

225 2120 379 2205 tuissem,
414 2116 510 2207 quod
535 2138 602 2184 non
629 2115 810 2207 aliquando
836 2128 1027 2187 ostensums
1060 2140 1167 2186 essem
1200 2116 1328 2185 dictum

224 2246 297 2292 esse
310 2221 488 2289 verissime.
540 2218 710 2286 Dolebam
725 2219 850 2308 potius,
877 2220 1067 2308 quodcum
1084 2221 1202 2308 virum,
1225 2242 1328 2311 quem

223 2326 294 2394 veri
334 2323 485 2411 rectique
524 2321 847 2389 observantissimum
892 2345 966 2392 esse
1004 2323 1237 2413 credidissem,
1284 2346 1327 2392 eo

223 2451 331 2519 usque
357 2425 529 2519 cupiditati
554 2448 635 2493 suae
654 2423 832 2517 indulgere
858 2426 1177 2514 animadverterem,
1213 2436 1250 2494 ut
1274 2427 1326 2494 ni-

222 2532 272 2601 bil
294 2553 410 2600 earum
434 2551 548 2599 rerum
572 2530 647 2621 ipse
673 2528 716 2596 ab
739 2552 775 2597 se
801 2539 947 2615 arceret,
975 2553 1117 2620 quarum
1142 2531 1169 2600 si
1194 2531 1230 2599 in
1254 2530 1326 2598 aliis

220 2636 276 2705 vel
292 2633 418 2723 aliquid
444 2631 726 2725 deprehenderet,
749 2633 976 2723 exagitatatus
997 2643 1085 2703 esset
1100 2633 1325 2705 acerbissime.

221 2737 293 2808 Sed
326 2738 384 2805 illa
423 2737 588 2828 opinabar
624 2736 702 2805 satis
735 2744 866 2804 mature
906 2739 1084 2828 cognosci,
1119 2739 1148 2806 si
1178 2746 1325 2827 utroque

219 2849 369 2909 nostrum
394 2849 528 2909 mortuo
555 2848 848 2931 cognoscerentur.
908 2840 1007 2908 Nunc
1032 2864 1132 2928 vero,
1164 2841 1325 2931 quoniam

218 2946 293 3038 ipse
317 2952 434 3037 urget,
460 2966 529 3012 non
552 2944 671 3012 veritus
698 2965 739 3010 ea
759 2942 890 3029 dicere,
916 2945 1058 3031 quaein
1084 2945 1216 3013 civitate
1233 2945 1325 3013 bene

220 3047 373 3116 ordinata
395 3070 457 3116 nec
482 3047 566 3131 dici,
602 3047 664 3115 nisi
685 3044 932 3136 demonstrata,
966 3070 1029 3115 nec
1053 3046 1142 3115 dicta
1167 3046 1248 3115 ferri
1271 3047 1323 3116 fas

220 3160 288 3239 est,
318 3151 387 3219 iam
407 3173 485 3234 eum
509 3150 647 3242 publice
674 3159 832 3242 rogatum
856 3151 954 3239 volo,
984 3158 1022 3218 ut
1046 3173 1134 3239 quae
1157 3151 1221 3218 sint
1244 3150 1323 3219 illae

220 3277 303 3344 quas
329 3256 392 3324 sibi
422 3278 443 3321 a
471 3275 527 3321 me
550 3253 658 3321 illatas
691 3275 766 3322 esse
798 3254 844 3321 ait
874 3253 1029 3343 iniuriae,
1059 3255 1176 3345 palam
1206 3262 1322 3321 osten-

219 3357 292 3442 dat,
323 3380 391 3448 qno
418 3356 552 3425 etmihi
577 3365 612 3425 et
636 3356 723 3443 aliis,
736 3382 737 3387 ¹
751 3354 832 3447 quid
857 3357 920 3424 sibi
944 3356 1014 3424 istis
1040 3356 1321 3425 criminationibus

208 3461 298 3528 .velit
322 3461 522 3546 innotescat,
560 3461 718 3550 claraque
741 3461 777 3528 in
801 3461 877 3528 luce
902 3459 1092 3549 videamus,
1119 3459 1214 3550 quod
1240 3482 1320 3542 cor-

216 3587 280 3655 pus
314 3586 463 3654 quasque
494 3565 623 3656 figuras
650 3563 799 3632 habeant
834 3572 968 3656 spectra
997 3564 1072 3650 illa,
1114 3585 1259 3653 quorum
1285 3563 1320 3630 in

217 3677 286 3735 tam
311 3669 416 3760 longo
447 3677 601 3759 tempore
633 3667 729 3757 qnasi
754 3689 819 3758 per
842 3666 1010 3762 nebulam·
1025 3665 1108 3734 nibil
1133 3665 1320 3755 quidquam

217 3771 278 3838 nisi
304 3771 462 3840 obscuras
488 3770 653 3860 quasdam
679 3779 782 3861 atque
806 3769 948 3841 incertas
977 3769 1113 3838 umbras
1139 3769 1319 3862 conspexi-

217 3896 302 3947 mus.
366 3872 439 3944 Oro
470 3885 583 3943 autem
602 3874 716 3944 etiam
749 3883 850 3963 atque
884 3874 1002 3956 etiam,
1042 3881 1080 3941 ut
1111 3873 1223 3965 posita
1254 3872 1318 3940 ali-.

192 3977 411 4068 Squantisper
435 3979 485 4046 ira
509 3979 681 4068 missisque
708 3978 938 4067 querimoniis,
969 3974 1156 4061 calumniis,
1182 3997 1317 4068 oppro-

217 4079 312 4166 briis,
348 4083 571 4170 contumeliis,
612 4082 784 4168 conviciis,
820 4104 862 4149 ex
893 4079 1013 4170 quibus
1046 4079 1129 4148 nibil
1156 4080 1218 4149 uisi
1247 4100 1317 4168 quo

172 4259 181 4283 Ι
215 4182 288 4274 ipse
325 4183 366 4250 sit
395 4184 523 4272 animo,
558 4208 628 4253 non
666 4207 733 4277 ego
772 4179 854 4274 quid
890 4183 1088 4274 deliquerim
1124 4183 1318 4253 elucescere

154 4302 156 4307 ’
215 4293 342 4377 potest,
380 4287 516 4355 tandem
546 4289 743 4379 aliquando,
782 4287 808 4355 si
836 4311 873 4357 se
904 4288 1013 4354 vnum
1041 4288 1169 4355 bonum
1197 4285 1317 4355 haberi

215 4389 301 4479 vult,
330 4389 437 4482 lacta,
472 4413 580 4481 eaque
599 4415 697 4479 vera,
727 4413 795 4460 uon
819 4412 880 4469 sua
900 4389 935 4459 in
957 4397 1072 4460 mente
1097 4397 1194 4478 nata,
1220 4412 1317 4459 com-
