2842 4920
417 369 899 438 orsssuuurlo.
1150 383 1216 449 m

102 559 348 685 μρρμσάριικ,
376 554 626 659 άμσράσσεισ,
652 555 898 684 μσρμορογκξ,
924 559 1151 663 σμάραγδος,
1178 583 1213 642 et

102 670 181 740 aba.
233 664 417 737 Caeterum
437 687 542 754 quum
562 664 688 735 Strabo
713 664 877 756 Aeschyh
892 688 1006 737 versus
1027 681 1212 765 propterea

103 770 246 857 afferat,
271 777 309 836 ut
328 767 489 837 ostendat
512 790 648 837 omnem
671 790 787 856 orum,
817 792 906 859 quae
925 771 969 838 ab
989 774 1117 843 oriente
1138 779 1210 848 sole

102 874 149 942 ad
177 871 389 941 occidentem
416 879 484 959 est,
519 871 563 939 ab
585 871 810 963 Aethiopibus
830 871 1015 942 habitatam
1041 899 1134 964 esse,
1168 904 1210 951 ex

102 998 148 1047 eo
162 998 287 1045 vanum
301 996 375 1043 esse
389 973 594 1067 intelligitur,
621 974 716 1064 quod
730 985 939 1046 commentus
952 987 1004 1046 est
1018 978 1044 1046 1.
1058 979 1103 1048 Η.
1119 981 1210 1052 Vos-

101 1083 183 1166 sius,
205 1077 395 1148 cohaesisse
410 1099 478 1145 uon
490 1076 694 1170 interpositis
707 1078 778 1146 aliis
786 1079 936 1149 versibus
950 1080 1019 1150 hcc
1033 1080 1209 1176 fragmen-

101 1194 176 1252 tum
195 1205 274 1251 curn
296 1204 358 1266 eo,
390 1179 484 1271 quod
504 1182 618 1274 primo
637 1181 715 1249 loco
738 1181 993 1271 collocavimus,
1018 1185 1209 1279 lacumque,

101 1309 208 1377 quem
234 1284 425 1376 Aeschylus
449 1282 556 1369 dicat,
583 1307 656 1354 esse
676 1307 769 1352 mare
786 1284 967 1378 Caspium,
1000 1299 1035 1357 et
1057 1290 1208 1383 Titanes,

101 1399 229 1458 tartaro
245 1389 394 1474 emissos,
419 1385 515 1478 apud
530 1387 669 1456 fratrem
685 1388 802 1456 Solem
816 1388 994 1459 habitasse.
1037 1392 1110 1461 Sed
1122 1418 1208 1487 pro-
1286 1466 1288 1469 ,

101 1494 217 1586 ριίιιιιι
234 1491 303 1562 boc
323 1500 396 1559 erut
419 1489 482 1559 viri
508 1499 641 1559 caetera
666 1491 801 1583 optimi,
827 1501 866 1559 ut
886 1516 974 1583 quae
997 1496 1101 1564 semel
1124 1499 1157 1566 ei
1174 1499 1208 1567 in

20 1604 23 1615 '
100 1605 251 1665 mentem
264 1593 451 1680 venissent,
477 1593 523 1660 ad
548 1594 691 1663 invictae
714 1595 860 1663 veritatis
884 1599 1136 1688 persuasionem
1160 1602 1210 1686 ri-

100 1707 290 1792 gescerent
316 1697 420 1773 ¹Non
444 1696 553 1790 magis
577 1695 732 1783 credam,
758 1696 851 1787 quod
871 1698 1005 1767 cuidam
1023 1702 1131 1772 visum
1147 1710 1209 1790 est,

99 1801 382 1895 Aristophanem,
409 1822 513 1890 quum
526 1800 562 1867 in
573 1800 703 1869 Avibus
719 1822 750 1867 v.
767 1796 880 1872 1558.
895 1803 1044 1898 scripsit,
1145 1846 1148 1851 -

266 1929 357 2034 πρᾶο
381 1935 420 2008 δὲ
445 1942 523 2018 τοῖς
547 1930 753 2011 Σκιάποσιν
778 1937 837 2012 ll·

309 2064 383 2135 μνη
409 2037 464 2121 τίς
488 2035 585 2128 ἐστ’,
611 2037 766 2122 ἄλουτος
792 2036 838 2115 οὗ

309 2147 521 2237 ψυχαγωγεῖ
541 2136 757 2240 Σωκράτης,

100 2279 146 2348 ad
161 2277 372 2372 Aeschylum
387 2279 584 2374 respexisse.
619 2279 709 2349 lllud
723 2303 792 2348 non
804 2270 1092 2373 praetereundum
1105 2283 1208 2371 duco,

99 2385 209 2452 miuus
237 2383 429 2476 elegantem
458 2406 532 2453 esse
555 2384 762 2475 paroemiaci
786 2407 865 2452 cum
887 2387 1027 2454 caeteris
1055 2389 1207 2456 versibus

100 2478 389 2573 coniunctionem,
414 2493 452 2554 ut
473 2485 635 2577 suspicari
661 2485 736 2575 quis
762 2488 887 2577 possit,
913 2488 1025 2556 verbis
1050 2495 1208 2585 θερμαῖς
1259 2486 1262 2494 ’

85 2588 234 2669 «ὕδατος
253 2588 420 2680 μαλακοί
441 2593 614 2683 προχοαῖς
637 2608 706 2654 uuo
729 2609 828 2656 versu
852 2588 1104 2683 comprehensis
1128 2599 1208 2660 ante

99 2685 281 2765 άοαιιαάει
299 2691 461 2760 excidisse
476 2688 615 2781 aliquod
629 2691 855 2784 participium.

202 2794 257 2863 lle
270 2791 495 2888 Aethiopibus
509 2795 621 2862 nescio
635 2816 678 2867 uu
686 2795 787 2888 plura
800 2794 942 2864 dixerint
954 2790 1107 2870 'litones
1133 2795 1207 2866 Ex-

99 2906 167 2966 stat
186 2906 299 2985 certe,
326 2897 420 2987 quod
441 2897 487 2965 ad
507 2919 566 2964 eos
589 2906 738 2988 spectet,
764 2900 1013 2990 anapaesticum
1029 2900 1260 2995 fragmen·

99 3006 172 3068 tum
187 3001 256 3068 siue
272 3000 408 3069 fabulae
424 3001 558 3069 nomine
573 2998 667 3091 apud
680 2999 893 3069 scholiastam
901 3002 1074 3092 Apollonii
1087 3002 1204 3071 Rhod.

98 3103 144 3171 ad
164 3103 224 3172 Ν.
253 3097 364 3173 1348.
391 3105 546 3200 στέρφος
560 3104 640 3175 δέ’
622 3128 700 3177 εστι
717 3128 762 3174 ‘co
754 3096 928 3197 δέρμα,
955 3099 1047 3223 poss
1067 3104 1127 3176 sol
1149 3130 1194 3178 το
1187 3100 1256 3191 18

100 3203 319 3302 σοιρφοῖσσι
353 3203 512 3326 Ἴβυκος
514 3205 552 3279 dl
570 3203 809 3335 ρτιρφοοιῆρο
825 3230 996 3327 ,σκρρτοκ
1002 3206 1120 3328 cippus
1134 3233 1202 3280 τοι

99 3309 231 3399 ἔχοντα
246 3309 422 3405 δέρματα.
451 3298 512 3381 διδ
524 3306 584 3381 καὶ
599 3332 674 3403 ιιαρ
679 3302 872 3406 Αἰσχύλῳ
889 3303 1032 3392 άξιοῦσκ
1046 3300 1203 3406 ρράιροικ

263 3414 567 3542 μελσκοοιέρφοκ
580 3445 696 3541 γένος,

99 3573 180 3652 a'tt
194 3605 239 3653 οο
230 3574 560 3710 μολσκρστάρκοικ.
589 3577 634 3656 ori
618 3573 717 3703 γάρ
730 3574 847 3673 plear
860 3573 911 3656 τά
918 3583 1050 3680 στέρνα
1063 3581 1204 3676 μέλανα

98 3681 267 3772 ἔχουσιν,
294 3675 388 3759 cilici
400 3710 461 3756 και
452 3680 562 3759 ὅλον
581 3712 625 3759 σο
644 3711 762 3777 cupa.
946 3749 949 3757 ,

200 3783 319 3856 choro
337 3786 569 3879 respondebat
584 3787 807 3856 Prometheus
818 3784 989 3870 trimetris,
1015 3786 1109 3854 cuius
1123 3808 1204 3855 ora·

97 3881 195 3956 honis
216 3888 347 3957 initium
370 3891 513 3959 servavit
531 3891 652 3960 Latine
676 3912 810 3958 versum
834 3888 956 3986 Cicero
975 3889 1018 3974 Q.
1039 3889 1149 3962 Tusc,
1159 3889 1204 3959 11.

98 3987 159 4063 10.
193 3991 276 4062 Eius
292 3991 379 4062 haec
395 3994 502 4062 verba
516 4003 609 4064 sunt:
635 3992 759 4063 veniat
774 3989 993 4084 Aeschylus,
1007 4013 1080 4060 ooo
1088 4001 1204 4087 poeta

96 4092 232 4183 solum,
259 4097 327 4166 sed
348 4095 460 4167 etiam
481 4097 769 4191 Pythagoreus:
791 4093 846 4164 sic
868 4094 964 4164 enim
984 4096 1202 4190 occepimus.
1241 4172 1242 4175 ,

49 4244 51 4249 -
99 4195 293 4294 Quomodo
305 4197 391 4293 sert
418 4201 521 4294 apud
544 4223 625 4270 eum
648 4198 891 4270 Prometheus
913 4199 1079 4269 dolorem
1100 4204 1204 4293 quem

96 4300 241 4396 excepit
258 4301 457 4396 obfirrtum
471 4304 671 4390 Lennium,
697 4302 789 4372 unde
800 4302 886 4396 ignis
901 4303 992 4372 'cluet
1008 4303 1205 4373 mortalibus
1325 4299 1332 4304 ’

97 4403 186 4496 clam
208 4402 351 4476 divisast
374 4428 453 4478 eum
473 4405 583 4478 dictus
596 4405 822 4478 Prometheus
836 4405 981 4499 clepisse
997 4402 1091 4494 dolo,
1114 4426 1203 4500 poe-
