2842 4920
149 370 215 438 246
401 363 830 426 utuuustauacrts
859 362 1014 426 attur.

258 549 478 648 γιγνώσκεις·
507 552 529 628 o‘
544 551 579 628 δ’
594 548 717 636 οἷοιδός
733 548 886 651 ἀηδόνος
901 550 1070 650 ἠράσαθ’
1084 551 1233 646 ὕμνων,

179 654 231 726 50
313 651 425 754 Τήϊον
441 652 603 753 οἱλγιίυων
616 656 733 753 ἄνδρα
749 656 988 754 πολυφραδίῃ.

255 760 315 833 καὶ
329 755 398 857 γοίρ
414 756 482 858 την
498 759 520 834 ό
534 755 705 857 μελιχρος
719 756 922 856 ε’φωμίλησ’
934 755 1174 856 Ἀνακρείων,

309 866 549 960 στελλομένην
565 868 711 945 πολλαῖς
726 862 871 955 ἄμμιγα
885 857 1099 956 Λεσβιάσιν.

257 964 371 1062 φοίτα
398 963 435 1038 δ’
459 964 589 1040 ἄλλοτε
615 968 686 1060 μὲν
710 964 841 1039 λείπων
865 958 1023 1086 Σάμον,
1059 963 1191 1038 ἄλλοτε
1223 961 1261 1038 δ’

780 1096 895 1140 αυτν

307 1165 457 1267 οἰνηρηυ
474 1170 601 1267 δοῦριν
617 1172 823 1268 κεκλιμένην
841 1095 1021 1264 τίατρίδα.

179 1272 230 1342 55
258 1275 407 1365 Λέσβον
424 1278 457 1353 ἐς
478 1271 636 1345 εὔοινον·
664 1266 710 1343 ed
725 1273 763 1345 dd
777 1270 911 1368 μυρίον
926 1273 1030 1352 cicade
1043 1264 1189 1344 Λεκτόν

154 1452 363 1466 ffl-

240 1563 292 1630 49.
320 1561 563 1621 invenustissime
579 1560 793 1636 Ruhnkenius,
817 1560 1008 1619 distinctione
1023 1560 1133 1639 posita,
1156 1553 1273 1638 ὕμνων

155 1670 224 1709 cum
237 1647 432 1732 πολυφραδίῃ
448 1647 531 1724 iungi
548 1647 657 1707 voluit.
703 1645 776 1704 Cod.
789 1645 862 1705 Vcn.
875 1644 992 1726 dperoiv.

239 1735 291 1800 61.
319 1731 396 1793 Edd.
424 1725 615 1811 Ἀνακρείων.
659 1731 740 1790 MSS.
761 1725 945 1814 Ἀνακρέων,
969 1728 1052 1810 quod
1072 1729 1262 1809 praeferrem,

153 1819 178 1878 si
192 1818 383 1898 ἔφωμίληοεν
402 1816 490 1895 plene
506 1817 651 1896 scriptum
667 1816 843 1878 invenirem.
888 1817 983 1877 Valde
999 1814 1076 1875 enim
1098 1814 1265 1872 insolenter

153 1903 319 1985 penultima
334 1901 389 1963 sub
404 1902 468 1960 ictu
485 1921 593 1962 versus
613 1901 810 1981 producitur,
832 1911 862 1960 et
877 1903 1018 1962 facillime
1031 1899 1065 1959 id
1080 1900 1191 1959 evitare
1207 1919 1262 1978 po-

153 1999 255 2050 tuerat
276 1996 383 2067 poeta,
413 1986 440 2046 si
460 1987 646 2066 scripsisset,
676 1986 727 2049 καλ
743 1984 800 2071 γοίρ
821 1983 914 2067 τήν-ὁ
931 1983 1064 2069 μελιχρὸς
1082 1980 1264 2067 Ἀνακρείων

154 2073 168 2137 ἔ
195 2075 224 2136 u
246 2093 308 2135 σεο.

169 2098 192 2154 φ
224 2099 290 2224 ηόλ.
316 2153 538 2235 Στελλομένην,
568 2155 695 2233 nequis
721 2152 921 2237 στεργομένην
942 2153 1101 2230 coniiciat,
1133 2155 1264 2234 exquisi-

153 2242 232 2302 tiora
254 2261 354 2300 amana
373 2250 461 2319 poeta
480 2239 581 2298 dicere
597 2239 716 2298 videtur
730 2236 786 2320 τήν
807 2237 1093 2319 μεταιτεμντομίυην,
1118 2240 1263 2320 adquam

155 2329 249 2388 multa
266 2325 381 2386 miserit
396 2327 528 2383 carmina
543 2324 710 2384 Anacreon.

241 2412 292 2478 54.
317 2410 391 2470 Edd.
407 2419 481 2470 vett.
495 2420 525 2469 st
539 2419 574 2468 ut
585 2410 708 2469 videtur
724 2410 812 2469 etiam
829 2410 949 2469 codices
963 2409 1045 2472 MSS.
1063 2418 1187 2488 praeter
1202 2410 1263 2470 Pal.

46 2568 50 2579 η
152 2498 186 2558 in
206 2518 268 2577 quc
292 2507 335 2556 est
354 2497 478 2575 ὃοῦγιν,
505 2494 617 2555 habent
638 2496 768 2577 δοῦριν,
796 2497 880 2574 quod
903 2496 1095 2555 Casaubonus
1119 2495 1152 2554 in
1176 2495 1264 2577 δουρί

153 2583 294 2644 mutavit.
339 2583 378 2640 At
400 2601 497 2660 neque
516 2579 577 2639 hoc
598 2591 724 2661 propter
744 2591 871 2641 metrum
893 2581 965 2640 ferri
992 2590 1106 2661 potest,
1135 2602 1209 2656 nec,
1238 2581 1264 2641 si

155 2670 223 2747 quis
244 2663 347 2748 dodpet
367 2666 500 2741 scribat,
525 2666 602 2726 sicut
624 2664 704 2746 δόρει
720 2666 850 2742 dicitur,
870 2667 957 2725 facile
977 2666 1125 2742 inveniat,
1149 2688 1210 2745 quo
1232 2666 1264 2726 id

155 2755 293 2832 exemplo
310 2751 429 2810 defendi
445 2752 550 2830 possit.
594 2751 654 2811 Sed
675 2761 808 2832 praestat
828 2763 925 2811 tamen
943 2753 1053 2828 altero,
1077 2751 1161 2832 quod
1180 2753 1264 2812 nullo

156 2848 245 2919 pacto
260 2835 484 2897 admittendum.

240 2922 291 2988 55.
313 2922 393 2980 Libri
408 2919 441 2984 τὸ
453 2919 486 2983 dl
498 2916 626 3001 μυρίον.
661 2922 829 2981 casauboni
843 2922 1020 2999 inventum,
1041 2918 1076 2984 τιν’
1093 2917 1126 2984 δὲ
1141 2917 1181 3000 δη
1195 2896 1265 2998 ρ’ίον

156 3007 244 3068 nimis
265 3008 386 3067 facilem
411 3028 428 3065 a
448 3009 523 3066 viris
540 3007 638 3067 doctis
658 3029 809 3068 assensum
832 3009 1013 3089 impetravit.
1058 3007 1264 3066 Certissimum

157 3104 218 3172 est,
243 3093 513 3154 Hermesianactem
531 3093 667 3169 dedisse,
689 3092 723 3155 td
739 3089 772 3155 d'
787 3088 933 3175 ὁμούριον
947 3094 1037 3168 alcide
1051 3088 1177 3156 Λεκτόν.
1188 3095 1214 3171 g)

224 3349 257 3416 g)
274 3347 430 3398 Schasferus
447 3346 480 3399 sd
501 3345 633 3401 Plutarch.
649 3348 702 3403 rol.
717 3349 748 3400 V.
769 3364 796 3416 p.
809 3346 867 3401 149.
886 3348 1023 3410 „Armati
1056 3347 1102 3400 Sic
1114 3347 1220 3404 τονωτέ
1254 3389 1260 3403 .

156 3417 190 3469 V.
205 3416 302 3468 Strabo
318 3414 392 3466 Xlll.
409 3417 433 3466 1.
447 3417 472 3467 λ.
496 3415 530 3466 Τ.
550 3416 584 3467 ll.
605 3434 632 3486 p.
646 3415 706 3472 438.
725 3417 787 3470 Cor.
823 3415 854 3467 ln
871 3418 1004 3470 Athenaeo
1025 3435 1051 3487 p.
1070 3419 1131 3472 598.
1152 3419 1183 3472 C.
1201 3436 1262 3488 per·

156 3484 393 3607 lild‘lssl‘d‘
406 3481 711 3608 titttttbttttt
724 3481 881 3608 ttttttt
897 3486 1263 3628 'tttttttblltt‘fft‘

157 3624 225 3678 Nam
241 3623 312 3691 quod
333 3621 481 3674 Hermanno
503 3622 530 3675 in
549 3630 655 3678 mentem
669 3624 742 3678 venit
758 3618 894 3691 ὁμούριον
911 3631 1012 3678 tantum
1028 3627 1104 3678 abest
1117 3631 1146 3678 ut
1164 3634 1262 3680 certum
1289 3672 1292 3677 .

157 3693 193 3744 sit
216 3690 285 3762 (ipsi
308 3697 349 3743 est
368 3689 571 3760 certissimum),
589 3701 619 3746 ut
636 3713 670 3748 ns
688 3694 801 3746 umbram
820 3694 922 3764 quidem
942 3696 1039 3748 habeat
1058 3695 1261 3763 probabilitatis.

157 3760 266 3830 Quippe
285 3765 415 3828 repugnat
433 3759 530 3814 rationi
549 3761 637 3816 dicere
657 3763 814 3816 contermina
834 3780 902 3833 quse
915 3763 1074 3816 disterminat
1091 3782 1164 3817 mare
1181 3765 1263 3818 inter-

156 3830 260 3881 iectum.
280 3828 367 3893 Talia,
385 3827 493 3893 si'iorte,
512 3830 565 3883 dici
578 3840 687 3902 possunt
697 3830 883 3902 πλησιόχωρα,
901 3850 952 3886 non
964 3837 1072 3903 possunt
1080 3833 1132 3886 dici
1140 3827 1262 3902 ὅμορα.“

146 3896 263 3972 ⁸Rationi
285 3915 334 3965 ego
355 3898 460 3967 quidem
482 3907 565 3952 atram
583 3901 658 3955 bilem
682 3918 771 3972 parum
791 3903 897 3956 amicam
912 3919 967 3955 esse
985 3901 1071 3956 rideo.
1106 3904 1150 3956 Ne
1168 3903 1261 3970 dicam,

158 3967 201 4018 cni
216 3982 313 4019 sacrius
331 3966 474 4036 cupiditate
488 3969 584 4023 animus
598 3971 648 4035 sit,
671 3988 721 4024 non
734 3977 788 4025 tam
802 3971 864 4025 exili
878 3971 1013 4040 diligentia
1025 3977 1117 4042 poetas
1129 3972 1262 4042 interpro-

157 4039 271 4088 taturum
295 4052 367 4099 esse,
393 4045 423 4090 ut
441 4046 535 4107 neget,
559 4057 625 4108 quae
644 4041 823 4110 πλησιόχωρα
844 4058 920 4110 prosa
938 4039 1056 4093 oratione
1076 4045 1123 4094 aut
1144 4061 1161 4095 a
1174 4048 1261 4112 poeta,

158 4104 241 4173 qualis
261 4103 299 4155 lo.
315 4103 429 4158 Tzetzes
445 4109 512 4171 fuit,
531 4107 584 4160 dici
602 4111 726 4163 credibile
741 4119 795 4176 est,
821 4103 912 4176 λίμορα
927 4109 1043 4180 potuisse
1056 4108 1121 4177 dici,
1139 4113 1263 4181 malitque

159 4181 298 4242 propterea
319 4171 432 4226 Troadis
446 4179 647 4244 promontorium
668 4181 772 4248 Mysiae
792 4178 922 4234 adscribi:
948 4179 1008 4247 quis
1026 4179 1108 4232 nescit
1123 4189 1152 4234 et
1172 4178 1262 4248 ὅμορα

159 4249 186 4295 et
197 4241 371 4305 contermina,
396 4259 471 4312 quam
484 4261 572 4298 vocem
587 4247 698 4302 Tacitus
714 4249 809 4319 aliique
825 4247 951 4318 sequioris
964 4248 1024 4301 aevi
1036 4247 1177 4317 scriptores
1201 4268 1263 4320 pro·

158 4329 205 4365 sae
217 4309 342 4365 orationis
357 4316 489 4380 acceptam
504 4330 519 4365 a
531 4316 615 4383 poetis
629 4325 764 4383 amarunt,
781 4336 860 4388 saepe
871 4317 933 4370 nibil
946 4317 1017 4370 aliud
1031 4334 1107 4387 quam
1118 4319 1208 4374 uicina
1228 4318 1263 4373 si·

158 4379 306 4450 gnificarel
323 4379 377 4430 Sed
390 4398 423 4434 ne
441 4381 557 4447 ratione,
576 4385 646 4439 cuius
663 4403 736 4441 usum
755 4405 835 4460 saepo
845 4385 910 4441 vitio
923 4386 1000 4441 nobie
1012 4387 1096 4442 vertit
1109 4386 1150 4442 vir
1162 4388 1262 4443 doctis-
