<?xml version="1.0" encoding="UTF-8"?>
<!DOCTYPE html PUBLIC "-//W3C//DTD XHTML 1.0 Transitional//EN"
    "http://www.w3.org/TR/xhtml1/DTD/xhtml1-transitional.dtd">
<html xmlns="http://www.w3.org/1999/xhtml" xml:lang="en" lang="en">
 <head>
  <title>
</title>
<meta http-equiv="Content-Type" content="text/html;charset=utf-8" />
  <meta name='ocr-system' content='tesseract 3.04.00' />
  <meta name='ocr-capabilities' content='ocr_page ocr_carea ocr_par ocr_line ocrx_word'/>
</head>
<body>
  <div class='ocr_page' id='page_1' title='image "./opuscula00hermgoog_0033.png"; bbox 0 0 2842 4920; ppageno 0'>
   <div class='ocr_carea' id='block_1_1' title="bbox 149 328 924 424">
    <p class='ocr_par' dir='ltr' id='par_1_1' title="bbox 149 328 924 424">
     <span class='ocr_line' id='line_1_1' title="bbox 149 328 924 424; baseline -0.01 0"><span class='ocrx_word' id='word_1_1' title='bbox 149 345 191 424; x_wconf 77' lang='lat' dir='ltr'>&#39;re</span> <span class='ocrx_word' id='word_1_2' title='bbox 342 328 350 343; x_wconf 80' lang='grc'><strong>“</strong></span> <span class='ocrx_word' id='word_1_3' title='bbox 496 350 555 411; x_wconf 83' lang='lat' dir='ltr'>uu</span> <span class='ocrx_word' id='word_1_4' title='bbox 582 349 854 414; x_wconf 78' lang='lat' dir='ltr'>raurrcvnn</span> <span class='ocrx_word' id='word_1_5' title='bbox 877 346 924 415; x_wconf 64' lang='grc' dir='ltr'>ἂν</span> 
     </span>
    </p>
   </div>
   <div class='ocr_carea' id='block_1_2' title="bbox 40 536 1259 641">
    <p class='ocr_par' dir='ltr' id='par_1_2' title="bbox 40 536 1259 641">
     <span class='ocr_line' id='line_1_2' title="bbox 40 536 1259 641; baseline -0.006 -22"><span class='ocrx_word' id='word_1_6' title='bbox 40 536 43 540; x_wconf 51' lang='grc'><strong>’</strong></span> <span class='ocrx_word' id='word_1_7' title='bbox 153 564 221 641; x_wconf 84' lang='lat' dir='ltr'>que</span> <span class='ocrx_word' id='word_1_8' title='bbox 243 545 440 639; x_wconf 91' lang='lat' dir='ltr'>oppositum</span> <span class='ocrx_word' id='word_1_9' title='bbox 460 545 643 638; x_wconf 86' lang='lat' dir='ltr'>cogitatur,</span> <span class='ocrx_word' id='word_1_10' title='bbox 666 538 709 616; x_wconf 81' lang='grc' dir='ltr'>οὐ</span> <span class='ocrx_word' id='word_1_11' title='bbox 727 537 801 638; x_wconf 75' lang='grc' dir='ltr'>μήν</span> <span class='ocrx_word' id='word_1_12' title='bbox 825 539 900 630; x_wconf 73' lang='lat' dir='ltr'>ciri,</span> <span class='ocrx_word' id='word_1_13' title='bbox 926 543 981 611; x_wconf 87' lang='lat' dir='ltr'>vel</span> <span class='ocrx_word' id='word_1_14' title='bbox 998 541 1163 633; x_wconf 91' lang='lat' dir='ltr'>quidquid</span> <span class='ocrx_word' id='word_1_15' title='bbox 1189 541 1259 612; x_wconf 87' lang='lat' dir='ltr'>lru-</span> 
     </span>
    </p>
   </div>
   <div class='ocr_carea' id='block_1_3' title="bbox 153 648 1261 846">
    <p class='ocr_par' dir='ltr' id='par_1_3' title="bbox 153 648 1261 846">
     <span class='ocr_line' id='line_1_3' title="bbox 153 648 1261 739; baseline -0.008 -16"><span class='ocrx_word' id='word_1_16' title='bbox 153 652 296 723; x_wconf 92' lang='lat' dir='ltr'>iusmodi</span> <span class='ocrx_word' id='word_1_17' title='bbox 312 672 449 739; x_wconf 90' lang='lat' dir='ltr'>quoque</span> <span class='ocrx_word' id='word_1_18' title='bbox 462 650 539 717; x_wconf 90' lang='lat' dir='ltr'>loco</span> <span class='ocrx_word' id='word_1_19' title='bbox 560 672 614 717; x_wconf 92' lang='lat' dir='ltr'>res</span> <span class='ocrx_word' id='word_1_20' title='bbox 635 649 794 737; x_wconf 59' lang='lat' dir='ltr'>requirit„</span> <span class='ocrx_word' id='word_1_21' title='bbox 835 648 913 715; x_wconf 93' lang='lat' dir='ltr'>Non</span> <span class='ocrx_word' id='word_1_22' title='bbox 933 649 1074 739; x_wconf 84' lang='lat' dir='ltr'>impleta</span> <span class='ocrx_word' id='word_1_23' title='bbox 1097 657 1210 716; x_wconf 89' lang='lat' dir='ltr'>autern</span> <span class='ocrx_word' id='word_1_24' title='bbox 1233 649 1261 715; x_wconf 90' lang='lat' dir='ltr'>si</span> 
     </span>
     <span class='ocr_line' id='line_1_4' title="bbox 154 743 1261 846; baseline -0.006 -22"><span class='ocrx_word' id='word_1_25' title='bbox 154 755 347 846; x_wconf 81' lang='lat' dir='ltr'>intelligitur</span> <span class='ocrx_word' id='word_1_26' title='bbox 363 752 528 840; x_wconf 91' lang='lat' dir='ltr'>conditio,</span> <span class='ocrx_word' id='word_1_27' title='bbox 553 761 591 819; x_wconf 91' lang='lat' dir='ltr'>ut</span> <span class='ocrx_word' id='word_1_28' title='bbox 604 753 725 844; x_wconf 72' lang='grc' dir='ltr'><strong><em>ἔλεγον</em></strong></span> <span class='ocrx_word' id='word_1_29' title='bbox 743 747 808 836; x_wconf 76' lang='grc' dir='ltr'>ἄν,</span> <span class='ocrx_word' id='word_1_30' title='bbox 834 753 869 823; x_wconf 71' lang='grc' dir='ltr'>εἰ</span> <span class='ocrx_word' id='word_1_31' title='bbox 888 743 1092 846; x_wconf 77' lang='grc' dir='ltr'><em>ἐβουλόμην</em></span> <span class='ocrx_word' id='word_1_32' title='bbox 1097 805 1111 839; x_wconf 86' lang='grc'>,</span> <span class='ocrx_word' id='word_1_33' title='bbox 1136 752 1261 819; x_wconf 83' lang='lat' dir='ltr'>veritas</span> 
     </span>
    </p>
   </div>
   <div class='ocr_carea' id='block_1_4' title="bbox 26 854 1260 945">
    <p class='ocr_par' dir='ltr' id='par_1_4' title="bbox 26 854 1260 945">
     <span class='ocr_line' id='line_1_5' title="bbox 26 854 1260 945; baseline -0.005 -18"><span class='ocrx_word' id='word_1_34' title='bbox 26 857 28 864; x_wconf 78' lang='grc'><strong>’</strong></span> <span class='ocrx_word' id='word_1_35' title='bbox 155 859 236 927; x_wconf 86' lang='lat' dir='ltr'>facti</span> <span class='ocrx_word' id='word_1_36' title='bbox 256 866 327 925; x_wconf 87' lang='lat' dir='ltr'>tota</span> <span class='ocrx_word' id='word_1_37' title='bbox 347 857 489 940; x_wconf 89' lang='lat' dir='ltr'>tollitur,</span> <span class='ocrx_word' id='word_1_38' title='bbox 515 855 766 943; x_wconf 90' lang='lat' dir='ltr'>affirmaturque</span> <span class='ocrx_word' id='word_1_39' title='bbox 788 862 934 941; x_wconf 86' lang='lat' dir='ltr'>tantum,</span> <span class='ocrx_word' id='word_1_40' title='bbox 961 854 1168 945; x_wconf 83' lang='lat' dir='ltr'>impendisse</span> <span class='ocrx_word' id='word_1_41' title='bbox 1189 855 1260 922; x_wconf 90' lang='lat' dir='ltr'>eius</span> 
     </span>
    </p>
   </div>
   <div class='ocr_carea' id='block_1_5' title="bbox 156 952 1260 1154">
    <p class='ocr_par' dir='ltr' id='par_1_5' title="bbox 156 952 1260 1154">
     <span class='ocr_line' id='line_1_6' title="bbox 156 952 1260 1050; baseline -0.001 -20"><span class='ocrx_word' id='word_1_42' title='bbox 156 961 379 1030; x_wconf 85' lang='lat' dir='ltr'>effectionem.</span> <span class='ocrx_word' id='word_1_43' title='bbox 414 957 514 1026; x_wconf 87' lang='lat' dir='ltr'>Vnde</span> <span class='ocrx_word' id='word_1_44' title='bbox 526 952 729 1049; x_wconf 46' lang='lat' dir='ltr'>‚oppositum</span> <span class='ocrx_word' id='word_1_45' title='bbox 742 958 917 1050; x_wconf 89' lang='lat' dir='ltr'>cogitatur,</span> <span class='ocrx_word' id='word_1_46' title='bbox 944 952 1026 1031; x_wconf 75' lang='lat' dir='ltr'>citt·</span> <span class='ocrx_word' id='word_1_47' title='bbox 1045 960 1111 1030; x_wconf 81' lang='grc' dir='ltr'>οὐκ</span> <span class='ocrx_word' id='word_1_48' title='bbox 1126 957 1260 1050; x_wconf 74' lang='grc' dir='ltr'>ἔλεγον.</span> 
     </span>
     <span class='ocr_line' id='line_1_7' title="bbox 256 1057 1260 1154; baseline -0.003 -24"><span class='ocrx_word' id='word_1_49' title='bbox 256 1063 312 1130; x_wconf 85' lang='lat' dir='ltr'>Ex</span> <span class='ocrx_word' id='word_1_50' title='bbox 337 1061 388 1130; x_wconf 88' lang='lat' dir='ltr'>his</span> <span class='ocrx_word' id='word_1_51' title='bbox 409 1063 521 1153; x_wconf 91' lang='lat' dir='ltr'>primo</span> <span class='ocrx_word' id='word_1_52' title='bbox 549 1062 738 1154; x_wconf 81' lang='lat' dir='ltr'>colligitur,</span> <span class='ocrx_word' id='word_1_53' title='bbox 766 1061 887 1152; x_wconf 74' lang='grc' dir='ltr'><strong><em>ἔλεγον</em></strong></span> <span class='ocrx_word' id='word_1_54' title='bbox 910 1057 956 1133; x_wconf 77' lang='grc' dir='ltr'>ἄν</span> <span class='ocrx_word' id='word_1_55' title='bbox 971 1060 1005 1127; x_wconf 93' lang='lat' dir='ltr'>in</span> <span class='ocrx_word' id='word_1_56' title='bbox 1027 1068 1172 1149; x_wconf 92' lang='lat' dir='ltr'>utroque</span> <span class='ocrx_word' id='word_1_57' title='bbox 1194 1083 1260 1152; x_wconf 89' lang='lat' dir='ltr'>ge-</span> 
     </span>
    </p>
   </div>
   <div class='ocr_carea' id='block_1_6' title="bbox 46 1163 1262 1255">
    <p class='ocr_par' dir='ltr' id='par_1_6' title="bbox 46 1163 1262 1255">
     <span class='ocr_line' id='line_1_8' title="bbox 46 1163 1262 1255; baseline -0.005 -19"><span class='ocrx_word' id='word_1_58' title='bbox 46 1220 51 1225; x_wconf 78' lang='lat'><em>.</em></span> <span class='ocrx_word' id='word_1_59' title='bbox 155 1189 254 1250; x_wconf 90' lang='lat' dir='ltr'>nere,</span> <span class='ocrx_word' id='word_1_60' title='bbox 280 1165 368 1232; x_wconf 91' lang='lat' dir='ltr'>etin</span> <span class='ocrx_word' id='word_1_61' title='bbox 390 1185 432 1231; x_wconf 91' lang='lat' dir='ltr'>eo</span> <span class='ocrx_word' id='word_1_62' title='bbox 451 1164 544 1255; x_wconf 94' lang='lat' dir='ltr'>quod</span> <span class='ocrx_word' id='word_1_63' title='bbox 560 1166 594 1232; x_wconf 94' lang='lat' dir='ltr'>in</span> <span class='ocrx_word' id='word_1_64' title='bbox 618 1188 656 1233; x_wconf 89' lang='lat' dir='ltr'>re</span> <span class='ocrx_word' id='word_1_65' title='bbox 678 1165 786 1250; x_wconf 84' lang='lat' dir='ltr'>facta,</span> <span class='ocrx_word' id='word_1_66' title='bbox 807 1172 842 1230; x_wconf 90' lang='lat' dir='ltr'>et</span> <span class='ocrx_word' id='word_1_67' title='bbox 860 1163 894 1229; x_wconf 96' lang='lat' dir='ltr'>in</span> <span class='ocrx_word' id='word_1_68' title='bbox 915 1184 956 1231; x_wconf 88' lang='lat' dir='ltr'>eo</span> <span class='ocrx_word' id='word_1_69' title='bbox 976 1163 1070 1253; x_wconf 94' lang='lat' dir='ltr'>quod</span> <span class='ocrx_word' id='word_1_70' title='bbox 1090 1163 1125 1230; x_wconf 93' lang='lat' dir='ltr'>in</span> <span class='ocrx_word' id='word_1_71' title='bbox 1143 1185 1262 1230; x_wconf 87' lang='lat' dir='ltr'>renon</span> 
     </span>
    </p>
   </div>
   <div class='ocr_carea' id='block_1_7' title="bbox 88 1265 1303 4450">
    <p class='ocr_par' dir='ltr' id='par_1_7' title="bbox 154 1265 1261 1358">
     <span class='ocr_line' id='line_1_9' title="bbox 154 1265 1261 1358; baseline -0.005 -19"><span class='ocrx_word' id='word_1_72' title='bbox 154 1271 247 1339; x_wconf 85' lang='lat' dir='ltr'>facta</span> <span class='ocrx_word' id='word_1_73' title='bbox 258 1276 419 1358; x_wconf 67' lang='lat' dir='ltr'>versatur⁹</span> <span class='ocrx_word' id='word_1_74' title='bbox 446 1267 600 1336; x_wconf 89' lang='lat' dir='ltr'>eamdem</span> <span class='ocrx_word' id='word_1_75' title='bbox 613 1268 681 1336; x_wconf 87' lang='lat' dir='ltr'>vim</span> <span class='ocrx_word' id='word_1_76' title='bbox 694 1267 831 1334; x_wconf 92' lang='lat' dir='ltr'>habere.</span> <span class='ocrx_word' id='word_1_77' title='bbox 866 1267 956 1333; x_wconf 90' lang='lat' dir='ltr'>Nam</span> <span class='ocrx_word' id='word_1_78' title='bbox 977 1265 1072 1355; x_wconf 88' lang='lat' dir='ltr'>quod</span> <span class='ocrx_word' id='word_1_79' title='bbox 1091 1266 1176 1333; x_wconf 91' lang='lat' dir='ltr'>aliae</span> <span class='ocrx_word' id='word_1_80' title='bbox 1195 1266 1261 1334; x_wconf 91' lang='lat' dir='ltr'>lin-</span> 
     </span>
    </p>

    <p class='ocr_par' dir='ltr' id='par_1_8' title="bbox 155 1369 1273 1566">
     <span class='ocr_line' id='line_1_10' title="bbox 155 1369 1273 1466; baseline -0.003 -28"><span class='ocrx_word' id='word_1_81' title='bbox 155 1395 245 1466; x_wconf 82' lang='lat' dir='ltr'>guae</span> <span class='ocrx_word' id='word_1_82' title='bbox 263 1371 349 1439; x_wconf 88' lang='lat' dir='ltr'>haec</span> <span class='ocrx_word' id='word_1_83' title='bbox 367 1393 493 1462; x_wconf 88' lang='lat' dir='ltr'>genera</span> <span class='ocrx_word' id='word_1_84' title='bbox 511 1371 719 1459; x_wconf 86' lang='lat' dir='ltr'>discernunt,</span> <span class='ocrx_word' id='word_1_85' title='bbox 750 1378 788 1437; x_wconf 87' lang='lat' dir='ltr'>ut</span> <span class='ocrx_word' id='word_1_86' title='bbox 809 1369 951 1457; x_wconf 87' lang='lat' dir='ltr'>Latina,</span> <span class='ocrx_word' id='word_1_87' title='bbox 984 1369 1125 1459; x_wconf 91' lang='lat' dir='ltr'>quaein</span> <span class='ocrx_word' id='word_1_88' title='bbox 1153 1369 1273 1437; x_wconf 86' lang='lat' dir='ltr'>altero·</span> 
     </span>
     <span class='ocr_line' id='line_1_11' title="bbox 158 1471 1262 1566; baseline -0.005 -22"><span class='ocrx_word' id='word_1_89' title='bbox 158 1472 324 1544; x_wconf 77' lang='lat' dir='ltr'>dicebam</span> <span class='ocrx_word' id='word_1_90' title='bbox 338 1471 445 1566; x_wconf 80' lang='lat' dir='ltr'>sere,</span> <span class='ocrx_word' id='word_1_91' title='bbox 478 1475 514 1542; x_wconf 92' lang='lat' dir='ltr'>in</span> <span class='ocrx_word' id='word_1_92' title='bbox 537 1476 643 1543; x_wconf 89' lang='lat' dir='ltr'>altero</span> <span class='ocrx_word' id='word_1_93' title='bbox 672 1473 835 1541; x_wconf 84' lang='lat' dir='ltr'>dicerem</span> <span class='ocrx_word' id='word_1_94' title='bbox 860 1481 1016 1563; x_wconf 87' lang='lat' dir='ltr'>usurpat,</span> <span class='ocrx_word' id='word_1_95' title='bbox 1055 1472 1138 1540; x_wconf 90' lang='lat' dir='ltr'>nihil</span> <span class='ocrx_word' id='word_1_96' title='bbox 1156 1472 1194 1539; x_wconf 96' lang='lat' dir='ltr'>id</span> <span class='ocrx_word' id='word_1_97' title='bbox 1217 1471 1262 1539; x_wconf 92' lang='lat' dir='ltr'>ad</span> 
     </span>
    </p>

    <p class='ocr_par' dir='ltr' id='par_1_9' title="bbox 157 1576 1261 1768">
     <span class='ocr_line' id='line_1_12' title="bbox 158 1576 1261 1668; baseline -0.003 -23"><span class='ocrx_word' id='word_1_98' title='bbox 158 1579 329 1661; x_wconf 87' lang='lat' dir='ltr'>Graecos,</span> <span class='ocrx_word' id='word_1_99' title='bbox 357 1578 415 1667; x_wconf 94' lang='lat' dir='ltr'>qui</span> <span class='ocrx_word' id='word_1_100' title='bbox 438 1577 531 1665; x_wconf 92' lang='lat' dir='ltr'>quod</span> <span class='ocrx_word' id='word_1_101' title='bbox 553 1593 730 1645; x_wconf 87' lang='lat' dir='ltr'>commune</span> <span class='ocrx_word' id='word_1_102' title='bbox 753 1576 876 1643; x_wconf 89' lang='lat' dir='ltr'>horum</span> <span class='ocrx_word' id='word_1_103' title='bbox 896 1598 1061 1667; x_wconf 83' lang='lat' dir='ltr'>generum</span> <span class='ocrx_word' id='word_1_104' title='bbox 1082 1584 1132 1644; x_wconf 90' lang='lat' dir='ltr'>est</span> <span class='ocrx_word' id='word_1_105' title='bbox 1150 1577 1261 1668; x_wconf 89' lang='lat' dir='ltr'>respi-</span> 
     </span>
     <span class='ocr_line' id='line_1_13' title="bbox 157 1679 1079 1768; baseline -0.001 -20"><span class='ocrx_word' id='word_1_106' title='bbox 157 1679 297 1759; x_wconf 87' lang='lat' dir='ltr'>cientes,</span> <span class='ocrx_word' id='word_1_107' title='bbox 323 1680 356 1747; x_wconf 93' lang='lat' dir='ltr'>in</span> <span class='ocrx_word' id='word_1_108' title='bbox 368 1690 512 1768; x_wconf 90' lang='lat' dir='ltr'>utroque</span> <span class='ocrx_word' id='word_1_109' title='bbox 532 1680 651 1748; x_wconf 90' lang='lat' dir='ltr'>eadem</span> <span class='ocrx_word' id='word_1_110' title='bbox 664 1681 775 1748; x_wconf 89' lang='lat' dir='ltr'>forma</span> <span class='ocrx_word' id='word_1_111' title='bbox 788 1679 922 1748; x_wconf 88' lang='lat' dir='ltr'>dicendi</span> <span class='ocrx_word' id='word_1_112' title='bbox 933 1688 1079 1747; x_wconf 87' lang='lat' dir='ltr'>utuntur.</span> 
     </span>
    </p>

    <p class='ocr_par' dir='ltr' id='par_1_10' title="bbox 255 1781 1262 1873">
     <span class='ocr_line' id='line_1_14' title="bbox 255 1781 1262 1873; baseline -0.003 -22"><span class='ocrx_word' id='word_1_113' title='bbox 255 1782 387 1851; x_wconf 89' lang='lat' dir='ltr'>Deinde</span> <span class='ocrx_word' id='word_1_114' title='bbox 406 1783 488 1850; x_wconf 94' lang='lat' dir='ltr'>illud</span> <span class='ocrx_word' id='word_1_115' title='bbox 505 1805 641 1871; x_wconf 89' lang='lat' dir='ltr'>quoque</span> <span class='ocrx_word' id='word_1_116' title='bbox 661 1792 821 1873; x_wconf 89' lang='lat' dir='ltr'>apparet,</span> <span class='ocrx_word' id='word_1_117' title='bbox 857 1804 935 1868; x_wconf 88' lang='lat' dir='ltr'>cur,</span> <span class='ocrx_word' id='word_1_118' title='bbox 961 1783 1020 1850; x_wconf 93' lang='lat' dir='ltr'>ubi</span> <span class='ocrx_word' id='word_1_119' title='bbox 1036 1804 1104 1848; x_wconf 91' lang='lat' dir='ltr'>non</span> <span class='ocrx_word' id='word_1_120' title='bbox 1122 1781 1262 1872; x_wconf 86' lang='lat' dir='ltr'>impleta</span> 
     </span>
    </p>

    <p class='ocr_par' dir='ltr' id='par_1_11' title="bbox 88 1884 1262 2077">
     <span class='ocr_line' id='line_1_15' title="bbox 88 1884 1262 1975; baseline -0.003 -21"><span class='ocrx_word' id='word_1_121' title='bbox 88 1919 94 1926; x_wconf 92' lang='lat'>·</span> <span class='ocrx_word' id='word_1_122' title='bbox 156 1885 303 1954; x_wconf 91' lang='lat' dir='ltr'>conditio</span> <span class='ocrx_word' id='word_1_123' title='bbox 319 1885 522 1975; x_wconf 85' lang='lat' dir='ltr'>intelligitur,</span> <span class='ocrx_word' id='word_1_124' title='bbox 538 1885 725 1953; x_wconf 89' lang='lat' dir='ltr'>necessario</span> <span class='ocrx_word' id='word_1_125' title='bbox 739 1884 926 1975; x_wconf 90' lang='lat' dir='ltr'>praeteritis</span> <span class='ocrx_word' id='word_1_126' title='bbox 940 1885 1148 1975; x_wconf 85' lang='lat' dir='ltr'>temporibus</span> <span class='ocrx_word' id='word_1_127' title='bbox 1161 1893 1262 1952; x_wconf 91' lang='lat' dir='ltr'>uten-</span> 
     </span>
     <span class='ocr_line' id='line_1_16' title="bbox 157 1987 1262 2077; baseline -0.003 -21"><span class='ocrx_word' id='word_1_128' title='bbox 157 1989 239 2056; x_wconf 93' lang='lat' dir='ltr'>dum</span> <span class='ocrx_word' id='word_1_129' title='bbox 253 1987 305 2069; x_wconf 89' lang='lat' dir='ltr'>sit,</span> <span class='ocrx_word' id='word_1_130' title='bbox 322 2008 481 2077; x_wconf 85' lang='lat' dir='ltr'>praesens</span> <span class='ocrx_word' id='word_1_131' title='bbox 498 1995 609 2055; x_wconf 90' lang='lat' dir='ltr'>autem</span> <span class='ocrx_word' id='word_1_132' title='bbox 622 1988 720 2077; x_wconf 91' lang='lat' dir='ltr'>eique</span> <span class='ocrx_word' id='word_1_133' title='bbox 731 2008 871 2076; x_wconf 86' lang='lat' dir='ltr'>compar</span> <span class='ocrx_word' id='word_1_134' title='bbox 885 1987 1087 2077; x_wconf 86' lang='lat' dir='ltr'>perfectum,</span> <span class='ocrx_word' id='word_1_135' title='bbox 1113 2009 1154 2053; x_wconf 90' lang='lat' dir='ltr'>ac</span> <span class='ocrx_word' id='word_1_136' title='bbox 1167 1988 1262 2055; x_wconf 85' lang='lat' dir='ltr'>futu-</span> 
     </span>
    </p>

    <p class='ocr_par' dir='ltr' id='par_1_12' title="bbox 155 2088 1262 2179">
     <span class='ocr_line' id='line_1_17' title="bbox 155 2088 1262 2179; baseline -0.003 -21"><span class='ocrx_word' id='word_1_137' title='bbox 155 2113 230 2158; x_wconf 90' lang='lat' dir='ltr'>rum</span> <span class='ocrx_word' id='word_1_138' title='bbox 251 2088 479 2157; x_wconf 88' lang='lat' dir='ltr'>excludantur.</span> <span class='ocrx_word' id='word_1_139' title='bbox 530 2091 619 2157; x_wconf 89' lang='lat' dir='ltr'>Nam</span> <span class='ocrx_word' id='word_1_140' title='bbox 644 2112 755 2178; x_wconf 90' lang='lat' dir='ltr'>neque</span> <span class='ocrx_word' id='word_1_141' title='bbox 777 2088 860 2179; x_wconf 92' lang='lat' dir='ltr'>quid</span> <span class='ocrx_word' id='word_1_142' title='bbox 884 2089 1020 2178; x_wconf 84' lang='lat' dir='ltr'>fuisset,</span> <span class='ocrx_word' id='word_1_143' title='bbox 1046 2111 1158 2178; x_wconf 89' lang='lat' dir='ltr'>neque</span> <span class='ocrx_word' id='word_1_144' title='bbox 1179 2089 1262 2178; x_wconf 90' lang='lat' dir='ltr'>quid</span> 
     </span>
    </p>

    <p class='ocr_par' dir='ltr' id='par_1_13' title="bbox 155 2191 1262 2386">
     <span class='ocr_line' id='line_1_18' title="bbox 156 2191 1262 2284; baseline -0.003 -23"><span class='ocrx_word' id='word_1_145' title='bbox 156 2215 244 2261; x_wconf 89' lang='lat' dir='ltr'>nunc</span> <span class='ocrx_word' id='word_1_146' title='bbox 257 2200 354 2278; x_wconf 85' lang='lat' dir='ltr'>esset,</span> <span class='ocrx_word' id='word_1_147' title='bbox 380 2215 491 2281; x_wconf 89' lang='lat' dir='ltr'>neque</span> <span class='ocrx_word' id='word_1_148' title='bbox 509 2191 591 2282; x_wconf 93' lang='lat' dir='ltr'>quid</span> <span class='ocrx_word' id='word_1_149' title='bbox 602 2194 752 2260; x_wconf 87' lang='lat' dir='ltr'>futurum</span> <span class='ocrx_word' id='word_1_150' title='bbox 765 2200 865 2279; x_wconf 85' lang='lat' dir='ltr'>esset,</span> <span class='ocrx_word' id='word_1_151' title='bbox 892 2192 1032 2283; x_wconf 83' lang='lat' dir='ltr'>cogitari</span> <span class='ocrx_word' id='word_1_152' title='bbox 1050 2199 1174 2284; x_wconf 92' lang='lat' dir='ltr'>potest,</span> <span class='ocrx_word' id='word_1_153' title='bbox 1199 2193 1262 2259; x_wconf 89' lang='lat' dir='ltr'>nisi</span> 
     </span>
     <span class='ocr_line' id='line_1_19' title="bbox 155 2294 1261 2386; baseline -0.003 -23"><span class='ocrx_word' id='word_1_154' title='bbox 155 2297 224 2363; x_wconf 89' lang='lat' dir='ltr'>iarn</span> <span class='ocrx_word' id='word_1_155' title='bbox 253 2304 395 2382; x_wconf 88' lang='lat' dir='ltr'>constet,</span> <span class='ocrx_word' id='word_1_156' title='bbox 427 2317 496 2362; x_wconf 92' lang='lat' dir='ltr'>non</span> <span class='ocrx_word' id='word_1_157' title='bbox 526 2318 598 2363; x_wconf 89' lang='lat' dir='ltr'>esse</span> <span class='ocrx_word' id='word_1_158' title='bbox 620 2296 748 2363; x_wconf 86' lang='lat' dir='ltr'>factum</span> <span class='ocrx_word' id='word_1_159' title='bbox 768 2295 823 2378; x_wconf 92' lang='lat' dir='ltr'>id,</span> <span class='ocrx_word' id='word_1_160' title='bbox 858 2295 950 2362; x_wconf 90' lang='lat' dir='ltr'>unde</span> <span class='ocrx_word' id='word_1_161' title='bbox 972 2295 1035 2362; x_wconf 90' lang='lat' dir='ltr'>ista</span> <span class='ocrx_word' id='word_1_162' title='bbox 1057 2294 1261 2386; x_wconf 88' lang='lat' dir='ltr'>pendebant.</span> 
     </span>
    </p>

    <p class='ocr_par' dir='ltr' id='par_1_14' title="bbox 158 2397 1262 2489">
     <span class='ocr_line' id='line_1_20' title="bbox 158 2397 1262 2489; baseline -0.002 -24"><span class='ocrx_word' id='word_1_163' title='bbox 158 2399 273 2483; x_wconf 81' lang='lat' dir='ltr'>Quare</span> <span class='ocrx_word' id='word_1_164' title='bbox 287 2420 391 2487; x_wconf 91' lang='lat' dir='ltr'>quum</span> <span class='ocrx_word' id='word_1_165' title='bbox 402 2397 496 2484; x_wconf 91' lang='lat' dir='ltr'>illud,</span> <span class='ocrx_word' id='word_1_166' title='bbox 521 2421 590 2466; x_wconf 90' lang='lat' dir='ltr'>non</span> <span class='ocrx_word' id='word_1_167' title='bbox 604 2422 677 2469; x_wconf 92' lang='lat' dir='ltr'>esse</span> <span class='ocrx_word' id='word_1_168' title='bbox 696 2399 869 2489; x_wconf 90' lang='lat' dir='ltr'>impletam</span> <span class='ocrx_word' id='word_1_169' title='bbox 885 2398 1121 2479; x_wconf 90' lang='lat' dir='ltr'>conditionem,</span> <span class='ocrx_word' id='word_1_170' title='bbox 1146 2397 1213 2464; x_wconf 88' lang='lat' dir='ltr'>iam</span> <span class='ocrx_word' id='word_1_171' title='bbox 1221 2397 1262 2464; x_wconf 91' lang='lat' dir='ltr'>sit</span> 
     </span>
    </p>

    <p class='ocr_par' dir='ltr' id='par_1_15' title="bbox 156 2500 1262 2592">
     <span class='ocr_line' id='line_1_21' title="bbox 156 2500 1262 2592; baseline -0.004 -22"><span class='ocrx_word' id='word_1_172' title='bbox 156 2522 209 2570; x_wconf 92' lang='lat' dir='ltr'>res</span> <span class='ocrx_word' id='word_1_173' title='bbox 223 2501 414 2592; x_wconf 89' lang='lat' dir='ltr'>praeterita,</span> <span class='ocrx_word' id='word_1_174' title='bbox 441 2503 541 2569; x_wconf 88' lang='lat' dir='ltr'>etiam</span> <span class='ocrx_word' id='word_1_175' title='bbox 555 2524 642 2592; x_wconf 92' lang='lat' dir='ltr'>quae</span> <span class='ocrx_word' id='word_1_176' title='bbox 659 2524 702 2569; x_wconf 82' lang='lat' dir='ltr'>ex</span> <span class='ocrx_word' id='word_1_177' title='bbox 721 2503 778 2570; x_wconf 90' lang='lat' dir='ltr'>illa</span> <span class='ocrx_word' id='word_1_178' title='bbox 794 2501 985 2569; x_wconf 89' lang='lat' dir='ltr'>conditione</span> <span class='ocrx_word' id='word_1_179' title='bbox 999 2501 1203 2592; x_wconf 85' lang='lat' dir='ltr'>pendebant,</span> <span class='ocrx_word' id='word_1_180' title='bbox 1228 2500 1262 2566; x_wconf 94' lang='lat' dir='ltr'>in</span> 
     </span>
    </p>

    <p class='ocr_par' dir='ltr' id='par_1_16' title="bbox 155 2603 1264 3418">
     <span class='ocr_line' id='line_1_22' title="bbox 155 2603 1262 2696; baseline 0 -26"><span class='ocrx_word' id='word_1_181' title='bbox 155 2604 343 2696; x_wconf 81' lang='lat' dir='ltr'>praeteritis</span> <span class='ocrx_word' id='word_1_182' title='bbox 368 2614 593 2673; x_wconf 89' lang='lat' dir='ltr'>numerantur.</span> <span class='ocrx_word' id='word_1_183' title='bbox 646 2603 718 2674; x_wconf 90' lang='lat' dir='ltr'>Sed</span> <span class='ocrx_word' id='word_1_184' title='bbox 744 2628 788 2673; x_wconf 88' lang='lat' dir='ltr'>ne</span> <span class='ocrx_word' id='word_1_185' title='bbox 817 2604 890 2694; x_wconf 89' lang='lat' dir='ltr'>quis</span> <span class='ocrx_word' id='word_1_186' title='bbox 920 2604 1007 2672; x_wconf 84' lang='lat' dir='ltr'>forte</span> <span class='ocrx_word' id='word_1_187' title='bbox 1036 2604 1262 2688; x_wconf 87' lang='lat' dir='ltr'>conturbetur,</span> 
     </span>
     <span class='ocr_line' id='line_1_23' title="bbox 157 2706 1264 2798; baseline 0 -25"><span class='ocrx_word' id='word_1_188' title='bbox 157 2707 250 2796; x_wconf 92' lang='lat' dir='ltr'>quod</span> <span class='ocrx_word' id='word_1_189' title='bbox 267 2729 337 2774; x_wconf 91' lang='lat' dir='ltr'>non</span> <span class='ocrx_word' id='word_1_190' title='bbox 356 2708 532 2798; x_wconf 90' lang='lat' dir='ltr'>impletam</span> <span class='ocrx_word' id='word_1_191' title='bbox 553 2709 778 2776; x_wconf 86' lang='lat' dir='ltr'>conditionem</span> <span class='ocrx_word' id='word_1_192' title='bbox 793 2729 972 2794; x_wconf 82' lang='lat' dir='ltr'>vocamus,</span> <span class='ocrx_word' id='word_1_193' title='bbox 1006 2729 1094 2797; x_wconf 90' lang='lat' dir='ltr'>quae</span> <span class='ocrx_word' id='word_1_194' title='bbox 1111 2706 1264 2773; x_wconf 84' lang='lat' dir='ltr'>videatur</span> 
     </span>
     <span class='ocr_line' id='line_1_24' title="bbox 157 2808 1263 2902; baseline 0.001 -25"><span class='ocrx_word' id='word_1_195' title='bbox 157 2810 282 2878; x_wconf 89' lang='lat' dir='ltr'>eodem</span> <span class='ocrx_word' id='word_1_196' title='bbox 295 2810 367 2876; x_wconf 91' lang='lat' dir='ltr'>iure</span> <span class='ocrx_word' id='word_1_197' title='bbox 390 2811 530 2902; x_wconf 86' lang='lat' dir='ltr'>impleta</span> <span class='ocrx_word' id='word_1_198' title='bbox 550 2810 615 2878; x_wconf 90' lang='lat' dir='ltr'>dici</span> <span class='ocrx_word' id='word_1_199' title='bbox 638 2833 758 2902; x_wconf 86' lang='lat' dir='ltr'>posse,</span> <span class='ocrx_word' id='word_1_200' title='bbox 785 2809 1072 2900; x_wconf 91' lang='lat' dir='ltr'>quemadmodum</span> <span class='ocrx_word' id='word_1_201' title='bbox 1077 2808 1263 2902; x_wconf 78' lang='lat' dir='ltr'>facerem,</span> 
     </span>
     <span class='ocr_line' id='line_1_25' title="bbox 156 2912 1263 3006; baseline -0.001 -25"><span class='ocrx_word' id='word_1_202' title='bbox 156 2912 228 2981; x_wconf 81' lang='lat' dir='ltr'>nisi</span> <span class='ocrx_word' id='word_1_203' title='bbox 241 2912 387 2981; x_wconf 83' lang='lat' dir='ltr'>vetitum</span> <span class='ocrx_word' id='word_1_204' title='bbox 412 2923 507 2982; x_wconf 81' lang='lat' dir='ltr'>esset</span> <span class='ocrx_word' id='word_1_205' title='bbox 523 2914 615 2984; x_wconf 91' lang='lat' dir='ltr'>idem</span> <span class='ocrx_word' id='word_1_206' title='bbox 633 2923 683 2982; x_wconf 88' lang='lat' dir='ltr'>est</span> <span class='ocrx_word' id='word_1_207' title='bbox 703 2914 797 3002; x_wconf 91' lang='lat' dir='ltr'>quod</span> <span class='ocrx_word' id='word_1_208' title='bbox 811 2912 988 3006; x_wconf 78' lang='lat' dir='ltr'>facerem</span> <span class='ocrx_word' id='word_1_209' title='bbox 1014 2913 1046 2982; x_wconf 81' lang='lat' dir='ltr'>si</span> <span class='ocrx_word' id='word_1_210' title='bbox 1065 2922 1160 2982; x_wconf 83' lang='lat' dir='ltr'>esset</span> <span class='ocrx_word' id='word_1_211' title='bbox 1182 2912 1263 2981; x_wconf 83' lang='lat' dir='ltr'>lici-</span> 
     </span>
     <span class='ocr_line' id='line_1_26' title="bbox 158 3016 1264 3110; baseline -0.003 -24"><span class='ocrx_word' id='word_1_212' title='bbox 158 3024 254 3086; x_wconf 78' lang='lat' dir='ltr'>tum:</span> <span class='ocrx_word' id='word_1_213' title='bbox 279 3017 485 3085; x_wconf 89' lang='lat' dir='ltr'>mouendum</span> <span class='ocrx_word' id='word_1_214' title='bbox 503 3026 671 3110; x_wconf 89' lang='lat' dir='ltr'>putamus,</span> <span class='ocrx_word' id='word_1_215' title='bbox 697 3017 923 3085; x_wconf 88' lang='lat' dir='ltr'>conditionem</span> <span class='ocrx_word' id='word_1_216' title='bbox 934 3039 1035 3109; x_wconf 89' lang='lat' dir='ltr'>posse</span> <span class='ocrx_word' id='word_1_217' title='bbox 1049 3018 1105 3085; x_wconf 83' lang='lat' dir='ltr'>rel</span> <span class='ocrx_word' id='word_1_218' title='bbox 1117 3016 1264 3084; x_wconf 89' lang='lat' dir='ltr'>affirma-</span> 
     </span>
     <span class='ocr_line' id='line_1_27' title="bbox 156 3119 1263 3212; baseline -0.001 -25"><span class='ocrx_word' id='word_1_219' title='bbox 156 3119 259 3188; x_wconf 85' lang='lat' dir='ltr'>tivam</span> <span class='ocrx_word' id='word_1_220' title='bbox 278 3121 333 3188; x_wconf 82' lang='lat' dir='ltr'>vel</span> <span class='ocrx_word' id='word_1_221' title='bbox 352 3121 545 3212; x_wconf 88' lang='lat' dir='ltr'>negativam</span> <span class='ocrx_word' id='word_1_222' title='bbox 566 3144 658 3208; x_wconf 89' lang='lat' dir='ltr'>esse,</span> <span class='ocrx_word' id='word_1_223' title='bbox 693 3122 945 3210; x_wconf 87' lang='lat' dir='ltr'>qualiscumque</span> <span class='ocrx_word' id='word_1_224' title='bbox 971 3130 1084 3188; x_wconf 91' lang='lat' dir='ltr'>autem</span> <span class='ocrx_word' id='word_1_225' title='bbox 1112 3120 1170 3204; x_wconf 89' lang='lat' dir='ltr'>sit,</span> <span class='ocrx_word' id='word_1_226' title='bbox 1199 3141 1263 3187; x_wconf 93' lang='lat' dir='ltr'>no-</span> 
     </span>
     <span class='ocr_line' id='line_1_28' title="bbox 155 3223 1263 3313; baseline 0 -23"><span class='ocrx_word' id='word_1_227' title='bbox 155 3223 283 3291; x_wconf 88' lang='lat' dir='ltr'>tionem</span> <span class='ocrx_word' id='word_1_228' title='bbox 296 3225 515 3313; x_wconf 90' lang='lat' dir='ltr'>spectandam</span> <span class='ocrx_word' id='word_1_229' title='bbox 532 3247 605 3292; x_wconf 91' lang='lat' dir='ltr'>esse</span> <span class='ocrx_word' id='word_1_230' title='bbox 629 3245 716 3308; x_wconf 89' lang='lat' dir='ltr'>eam,</span> <span class='ocrx_word' id='word_1_231' title='bbox 743 3245 830 3313; x_wconf 89' lang='lat' dir='ltr'>quae</span> <span class='ocrx_word' id='word_1_232' title='bbox 850 3245 891 3290; x_wconf 85' lang='lat' dir='ltr'>ex</span> <span class='ocrx_word' id='word_1_233' title='bbox 903 3223 961 3289; x_wconf 92' lang='lat' dir='ltr'>illa</span> <span class='ocrx_word' id='word_1_234' title='bbox 981 3223 1171 3291; x_wconf 90' lang='lat' dir='ltr'>conditione</span> <span class='ocrx_word' id='word_1_235' title='bbox 1189 3245 1263 3290; x_wconf 90' lang='lat' dir='ltr'>sus-</span> 
     </span>
     <span class='ocr_line' id='line_1_29' title="bbox 156 3323 1263 3418; baseline 0 -26"><span class='ocrx_word' id='word_1_236' title='bbox 156 3348 264 3416; x_wconf 90' lang='lat' dir='ltr'>pensa</span> <span class='ocrx_word' id='word_1_237' title='bbox 289 3334 355 3392; x_wconf 82' lang='lat' dir='ltr'>est:</span> <span class='ocrx_word' id='word_1_238' title='bbox 379 3335 417 3393; x_wconf 92' lang='lat' dir='ltr'>ut</span> <span class='ocrx_word' id='word_1_239' title='bbox 424 3324 617 3418; x_wconf 73' lang='lat' dir='ltr'>facerem,</span> <span class='ocrx_word' id='word_1_240' title='bbox 642 3327 698 3393; x_wconf 82' lang='lat' dir='ltr'>vel</span> <span class='ocrx_word' id='word_1_241' title='bbox 712 3347 783 3393; x_wconf 84' lang='lat' dir='ltr'>nou</span> <span class='ocrx_word' id='word_1_242' title='bbox 794 3323 988 3418; x_wconf 78' lang='lat' dir='ltr'>facerem:</span> <span class='ocrx_word' id='word_1_243' title='bbox 1014 3349 1092 3393; x_wconf 87' lang='lat' dir='ltr'>nam</span> <span class='ocrx_word' id='word_1_244' title='bbox 1115 3324 1263 3393; x_wconf 89' lang='lat' dir='ltr'>conditio</span> 
     </span>
    </p>

    <p class='ocr_par' dir='ltr' id='par_1_17' title="bbox 129 3427 1263 3910">
     <span class='ocr_line' id='line_1_30' title="bbox 129 3427 1262 3526; baseline 0 -32"><span class='ocrx_word' id='word_1_245' title='bbox 129 3436 133 3441; x_wconf 76' lang='grc'><em>’</em></span> <span class='ocrx_word' id='word_1_246' title='bbox 157 3436 208 3494; x_wconf 92' lang='lat' dir='ltr'>est</span> <span class='ocrx_word' id='word_1_247' title='bbox 222 3448 350 3526; x_wconf 90' lang='lat' dir='ltr'>caussa,</span> <span class='ocrx_word' id='word_1_248' title='bbox 376 3451 443 3518; x_wconf 94' lang='lat' dir='ltr'>qua</span> <span class='ocrx_word' id='word_1_249' title='bbox 458 3428 540 3517; x_wconf 91' lang='lat' dir='ltr'>quid</span> <span class='ocrx_word' id='word_1_250' title='bbox 560 3429 629 3496; x_wconf 88' lang='lat' dir='ltr'>fiat.</span> <span class='ocrx_word' id='word_1_251' title='bbox 679 3429 800 3518; x_wconf 87' lang='lat' dir='ltr'>ltaque</span> <span class='ocrx_word' id='word_1_252' title='bbox 809 3427 984 3521; x_wconf 79' lang='lat' dir='ltr'>facerem</span> <span class='ocrx_word' id='word_1_253' title='bbox 999 3429 1045 3497; x_wconf 90' lang='lat' dir='ltr'>sic</span> <span class='ocrx_word' id='word_1_254' title='bbox 1059 3429 1262 3520; x_wconf 88' lang='lat' dir='ltr'>intelligitur,</span> 
     </span>
     <span class='ocr_line' id='line_1_31' title="bbox 157 3528 1263 3620; baseline 0.002 -24"><span class='ocrx_word' id='word_1_255' title='bbox 157 3530 186 3596; x_wconf 90' lang='lat' dir='ltr'>si</span> <span class='ocrx_word' id='word_1_256' title='bbox 203 3552 322 3598; x_wconf 87' lang='lat' dir='ltr'>caussa</span> <span class='ocrx_word' id='word_1_257' title='bbox 338 3540 426 3599; x_wconf 87' lang='lat' dir='ltr'>esset</span> <span class='ocrx_word' id='word_1_258' title='bbox 447 3532 612 3599; x_wconf 84' lang='lat' dir='ltr'>faciendi:</span> <span class='ocrx_word' id='word_1_259' title='bbox 638 3540 673 3598; x_wconf 92' lang='lat' dir='ltr'>at</span> <span class='ocrx_word' id='word_1_260' title='bbox 687 3528 755 3598; x_wconf 90' lang='lat' dir='ltr'>nou</span> <span class='ocrx_word' id='word_1_261' title='bbox 770 3541 821 3600; x_wconf 89' lang='lat' dir='ltr'>est</span> <span class='ocrx_word' id='word_1_262' title='bbox 840 3554 957 3600; x_wconf 89' lang='lat' dir='ltr'>caussa</span> <span class='ocrx_word' id='word_1_263' title='bbox 969 3531 1133 3600; x_wconf 86' lang='lat' dir='ltr'>faciendi:</span> <span class='ocrx_word' id='word_1_264' title='bbox 1159 3553 1263 3620; x_wconf 92' lang='lat' dir='ltr'>quare</span> 
     </span>
     <span class='ocr_line' id='line_1_32' title="bbox 157 3625 1263 3726; baseline 0.002 -27"><span class='ocrx_word' id='word_1_265' title='bbox 157 3654 227 3700; x_wconf 89' lang='lat' dir='ltr'>non</span> <span class='ocrx_word' id='word_1_266' title='bbox 241 3625 348 3715; x_wconf 84' lang='lat' dir='ltr'>facio;</span> <span class='ocrx_word' id='word_1_267' title='bbox 374 3656 446 3702; x_wconf 85' lang='lat' dir='ltr'>uon</span> <span class='ocrx_word' id='word_1_268' title='bbox 456 3632 630 3726; x_wconf 75' lang='lat' dir='ltr'>facerem</span> <span class='ocrx_word' id='word_1_269' title='bbox 645 3643 767 3720; x_wconf 90' lang='lat' dir='ltr'>autem,</span> <span class='ocrx_word' id='word_1_270' title='bbox 794 3635 821 3703; x_wconf 89' lang='lat' dir='ltr'>si</span> <span class='ocrx_word' id='word_1_271' title='bbox 834 3658 950 3703; x_wconf 89' lang='lat' dir='ltr'>caussa</span> <span class='ocrx_word' id='word_1_272' title='bbox 962 3657 1031 3703; x_wconf 93' lang='lat' dir='ltr'>uon</span> <span class='ocrx_word' id='word_1_273' title='bbox 1044 3633 1189 3702; x_wconf 81' lang='lat' dir='ltr'>faciendi</span> <span class='ocrx_word' id='word_1_274' title='bbox 1207 3657 1263 3701; x_wconf 89' lang='lat' dir='ltr'>es-</span> 
     </span>
     <span class='ocr_line' id='line_1_33' title="bbox 158 3737 1263 3832; baseline 0.001 -30"><span class='ocrx_word' id='word_1_275' title='bbox 158 3745 226 3804; x_wconf 86' lang='lat' dir='ltr'>set:</span> <span class='ocrx_word' id='word_1_276' title='bbox 253 3745 287 3804; x_wconf 85' lang='lat' dir='ltr'>at</span> <span class='ocrx_word' id='word_1_277' title='bbox 308 3758 377 3804; x_wconf 91' lang='lat' dir='ltr'>uon</span> <span class='ocrx_word' id='word_1_278' title='bbox 399 3747 451 3806; x_wconf 90' lang='lat' dir='ltr'>est</span> <span class='ocrx_word' id='word_1_279' title='bbox 473 3760 590 3806; x_wconf 89' lang='lat' dir='ltr'>caussa</span> <span class='ocrx_word' id='word_1_280' title='bbox 613 3760 681 3806; x_wconf 91' lang='lat' dir='ltr'>non</span> <span class='ocrx_word' id='word_1_281' title='bbox 697 3737 857 3808; x_wconf 84' lang='lat' dir='ltr'>faciendi:</span> <span class='ocrx_word' id='word_1_282' title='bbox 878 3761 948 3808; x_wconf 87' lang='lat' dir='ltr'>non</span> <span class='ocrx_word' id='word_1_283' title='bbox 970 3760 1056 3832; x_wconf 88' lang='lat' dir='ltr'>ergo</span> <span class='ocrx_word' id='word_1_284' title='bbox 1077 3759 1147 3806; x_wconf 90' lang='lat' dir='ltr'>non</span> <span class='ocrx_word' id='word_1_285' title='bbox 1162 3737 1263 3819; x_wconf 81' lang='lat' dir='ltr'>facio,</span> 
     </span>
     <span class='ocr_line' id='line_1_34' title="bbox 157 3839 334 3910; baseline 0.023 -5"><span class='ocrx_word' id='word_1_286' title='bbox 157 3839 178 3905; x_wconf 84' lang='lat' dir='ltr'>i.</span> <span class='ocrx_word' id='word_1_287' title='bbox 192 3861 221 3906; x_wconf 89' lang='lat' dir='ltr'>e.</span> <span class='ocrx_word' id='word_1_288' title='bbox 237 3839 334 3910; x_wconf 84' lang='lat' dir='ltr'>facio.</span> 
     </span>
    </p>

    <p class='ocr_par' dir='ltr' id='par_1_18' title="bbox 138 3932 1266 4345">
     <span class='ocr_line' id='line_1_35' title="bbox 138 3932 1264 4035; baseline 0.002 -26"><span class='ocrx_word' id='word_1_289' title='bbox 138 3932 143 3939; x_wconf 73' lang='grc'><strong>’</strong></span> <span class='ocrx_word' id='word_1_290' title='bbox 259 3942 415 4032; x_wconf 86' lang='lat' dir='ltr'>Denique</span> <span class='ocrx_word' id='word_1_291' title='bbox 432 3966 515 4012; x_wconf 86' lang='lat' dir='ltr'>vero</span> <span class='ocrx_word' id='word_1_292' title='bbox 531 3945 632 4013; x_wconf 91' lang='lat' dir='ltr'>etiam</span> <span class='ocrx_word' id='word_1_293' title='bbox 646 3944 690 4013; x_wconf 92' lang='lat' dir='ltr'>de</span> <span class='ocrx_word' id='word_1_294' title='bbox 708 3944 866 4035; x_wconf 77' lang='lat' dir='ltr'>impletae</span> <span class='ocrx_word' id='word_1_295' title='bbox 889 3943 1085 4012; x_wconf 91' lang='lat' dir='ltr'>conditionis</span> <span class='ocrx_word' id='word_1_296' title='bbox 1098 3942 1264 4034; x_wconf 90' lang='lat' dir='ltr'>tempori-</span> 
     </span>
     <span class='ocr_line' id='line_1_36' title="bbox 156 4044 1264 4138; baseline 0.003 -27"><span class='ocrx_word' id='word_1_297' title='bbox 156 4044 219 4112; x_wconf 92' lang='lat' dir='ltr'>bus</span> <span class='ocrx_word' id='word_1_298' title='bbox 232 4044 369 4113; x_wconf 89' lang='lat' dir='ltr'>iudicari</span> <span class='ocrx_word' id='word_1_299' title='bbox 383 4049 517 4138; x_wconf 90' lang='lat' dir='ltr'>poterit.</span> <span class='ocrx_word' id='word_1_300' title='bbox 568 4049 620 4116; x_wconf 86' lang='lat' dir='ltr'>Ac</span> <span class='ocrx_word' id='word_1_301' title='bbox 643 4048 733 4115; x_wconf 90' lang='lat' dir='ltr'>dicat</span> <span class='ocrx_word' id='word_1_302' title='bbox 745 4049 818 4138; x_wconf 86' lang='lat' dir='ltr'>quis</span> <span class='ocrx_word' id='word_1_303' title='bbox 835 4048 991 4133; x_wconf 86' lang='lat' dir='ltr'>forsitan,</span> <span class='ocrx_word' id='word_1_304' title='bbox 1019 4070 1106 4137; x_wconf 85' lang='lat' dir='ltr'>qnae</span> <span class='ocrx_word' id='word_1_305' title='bbox 1123 4047 1264 4138; x_wconf 87' lang='lat' dir='ltr'>impleta</span> 
     </span>
     <span class='ocr_line' id='line_1_37' title="bbox 157 4149 1265 4242; baseline 0.003 -28"><span class='ocrx_word' id='word_1_306' title='bbox 157 4149 268 4236; x_wconf 91' lang='lat' dir='ltr'>aliqua</span> <span class='ocrx_word' id='word_1_307' title='bbox 291 4150 479 4218; x_wconf 87' lang='lat' dir='ltr'>conditione</span> <span class='ocrx_word' id='word_1_308' title='bbox 497 4153 597 4236; x_wconf 90' lang='lat' dir='ltr'>fiant,</span> <span class='ocrx_word' id='word_1_309' title='bbox 624 4173 692 4219; x_wconf 91' lang='lat' dir='ltr'>non</span> <span class='ocrx_word' id='word_1_310' title='bbox 710 4153 819 4219; x_wconf 90' lang='lat' dir='ltr'>minus</span> <span class='ocrx_word' id='word_1_311' title='bbox 835 4150 1153 4242; x_wconf 89' lang='lat' dir='ltr'>deberepraeteriti</span> <span class='ocrx_word' id='word_1_312' title='bbox 1175 4159 1265 4217; x_wconf 92' lang='lat' dir='ltr'>tem·</span> 
     </span>
     <span class='ocr_line' id='line_1_38' title="bbox 156 4252 1266 4345; baseline 0.001 -27"><span class='ocrx_word' id='word_1_313' title='bbox 156 4252 248 4342; x_wconf 91' lang='lat' dir='ltr'>poris</span> <span class='ocrx_word' id='word_1_314' title='bbox 264 4274 355 4340; x_wconf 89' lang='lat' dir='ltr'>esse,</span> <span class='ocrx_word' id='word_1_315' title='bbox 382 4254 462 4342; x_wconf 92' lang='lat' dir='ltr'>quia</span> <span class='ocrx_word' id='word_1_316' title='bbox 482 4253 550 4321; x_wconf 91' lang='lat' dir='ltr'>hoc</span> <span class='ocrx_word' id='word_1_317' title='bbox 567 4276 722 4345; x_wconf 87' lang='lat' dir='ltr'>quoque,</span> <span class='ocrx_word' id='word_1_318' title='bbox 749 4256 823 4323; x_wconf 85' lang='lat' dir='ltr'>&#39;esse</span> <span class='ocrx_word' id='word_1_319' title='bbox 841 4255 933 4323; x_wconf 88' lang='lat' dir='ltr'>illam</span> <span class='ocrx_word' id='word_1_320' title='bbox 956 4253 1179 4321; x_wconf 88' lang='lat' dir='ltr'>conditionem</span> <span class='ocrx_word' id='word_1_321' title='bbox 1198 4253 1266 4319; x_wconf 85' lang='lat' dir='ltr'>irn-</span> 
     </span>
    </p>

    <p class='ocr_par' dir='ltr' id='par_1_19' title="bbox 156 4354 1303 4450">
     <span class='ocr_line' id='line_1_39' title="bbox 156 4354 1303 4450; baseline 0.003 -29"><span class='ocrx_word' id='word_1_322' title='bbox 156 4356 295 4444; x_wconf 85' lang='lat' dir='ltr'>pletam,</span> <span class='ocrx_word' id='word_1_323' title='bbox 320 4377 385 4448; x_wconf 92' lang='lat' dir='ltr'>pro</span> <span class='ocrx_word' id='word_1_324' title='bbox 400 4358 582 4449; x_wconf 88' lang='lat' dir='ltr'>praeterito</span> <span class='ocrx_word' id='word_1_325' title='bbox 602 4357 799 4428; x_wconf 88' lang='lat' dir='ltr'>habendum</span> <span class='ocrx_word' id='word_1_326' title='bbox 812 4357 869 4427; x_wconf 80' lang='lat' dir='ltr'>sit:</span> <span class='ocrx_word' id='word_1_327' title='bbox 895 4357 991 4426; x_wconf 87' lang='lat' dir='ltr'>aliter</span> <span class='ocrx_word' id='word_1_328' title='bbox 1006 4356 1095 4425; x_wconf 91' lang='lat' dir='ltr'>euim</span> <span class='ocrx_word' id='word_1_329' title='bbox 1111 4354 1264 4425; x_wconf 87' lang='lat' dir='ltr'>noudum</span> <span class='ocrx_word' id='word_1_330' title='bbox 1299 4444 1303 4450; x_wconf 88' lang='lat'><em>.</em></span> 
     </span>
    </p>
   </div>
   <div class='ocr_carea' id='block_1_8' title="bbox 0 0 1429 4920">
    <p class='ocr_par' dir='ltr' id='par_1_20' title="bbox 0 0 1429 4920">
     <span class='ocr_line' id='line_1_40' title="bbox 0 0 1429 4920; baseline 0 0"><span class='ocrx_word' id='word_1_331' title='bbox 0 0 1429 4920; x_wconf 95' lang='lat' dir='ltr'> </span> 
     </span>
    </p>
   </div>
  </div>
 </body>
</html>
