2842 4920
475 372 872 483 rnrurtrru
1194 427 1224 489 v

176 623 192 669 .·
227 601 426 703 Θρινακίην
440 601 477 679 δ’
489 608 524 687 te
539 604 650 703 νηόον
665 599 827 701 α’φίξιαι·
852 604 947 680 ἔνθα
964 605 1003 682 cll
1014 614 1144 688 πολλαί

225 735 399 842 βόσκοντ’
412 737 576 816 Ἠελίοιο
590 730 677 836 ,telae
688 741 749 814 καί
766 743 851 839 ἴφια
866 742 987 840 μῆλα,

224 872 320 950 irrue?
337 879 435 972 βοοῖν
452 875 595 973 cirtica,
620 872 714 952 τόσα
729 874 765 953 δ’
779 880 865 954 uiuis
878 874 976 975 πόεα
990 877 1104 974 καλό,
1186 909 1188 914 ’

225 1009 449 1111 πεντήκοντα
465 1012 501 1090 δ’
514 1021 664 1090 ἕκαστα·
690 1008 795 1111 γόνος
809 1013 844 1091 δ’
858 1012 902 1091 οὕ
916 1017 1076 1112 γίγνεται
1089 1017 1221 1115 αὐτόν,

225 1147 414 1237 οὐδέποτε
431 1147 676 1249 esculanum·-
709 1151 797 1228 θεαί
812 1149 849 1227 δ’
863 1153 924 1228 ἔπι
937 1158 1105 1250 ποιμένες
1119 1162 1219 1248 εἰσίν,

222 1282 367 1385 νύμφαι
384 1283 625 1384 ἐϋπλόκαμοι,
653 1264 855 1364 nataverat
870 1318 913 1365 νε
923 1293 1122 1398 Λαμπετίη
1139 1327 1196 1392 τε,

182 1414 185 1419 ’
225 1423 266 1507 uic
278 1427 379 1500 τέκεν
391 1422 525 1524 Ἠελίῳ
538 1422 720 1522 ’Υαὲρίονι
735 1428 795 1500 δῖα
808 1426 964 1525 Νέαιρα.

222 1555 287 1643 τοῖς
300 1562 368 1655 μίν
385 1559 457 1658 ἄρα
473 1562 648 1658 θρέψασα
664 1556 822 1638 cauciori
840 1591 883 1637 νε
897 1557 1031 1638 πότνια
1049 1560 1168 1669 μήτηρ

225 1697 421 1796 Θρινακίην
442 1702 476 1779 ἑο
493 1697 603 1793 νῆσον
625 1691 783 1794 οίπηίκισε
802 1692 937 1793 τηλόθι
958 1698 1092 1794 ναίειν,

219 1835 318 1927 μῆλα
335 1826 789 1939 φυλασσόμεναιπατρόὶοι
804 1833 1001 1944 nuliique
1019 1838 1116 1930 βοῦς.

118 2023 201 2093 Eius
235 2022 371 2090 fabulae
410 2023 616 2091 inventorem
652 2018 775 2091 0ch
810 2021 882 2092 dies
918 2033 1103 2118 noctesque
1143 2035 1221 2106 anni
1264 2015 1269 2029 ⁶

117 2161 240 2229 lunaris
264 2159 332 2228 hac
356 2160 502 2251 imagine
528 2159 745 2227 adumbrasse
768 2161 1014 2251 apertissimum
1039 2176 1097 2233 est
1132 2167 1220 2238 Eam
1310 2122 1338 2149 'r

116 2299 219 2390 igitur
244 2296 393 2365 fabulam
419 2296 464 2365 ad
489 2320 566 2366 suos
591 2319 670 2365 usus
699 2298 967 2369 accommodavit
986 2299 1219 2396 Archimedes,

116 2434 292 2535 ludificans
325 2434 580 2504 mathematicus
613 2432 857 2504 Alexandrinos
895 2459 958 2528 spe
997 2440 1127 2508 numeri
1151 2443 1218 2510 ¹in-

116 2573 291 2657 veniendi,
323 2595 424 2663 quem
449 2572 549 2642 facile
567 2580 722 2665 pasceret
747 2569 878 2659 Sicilia,
915 2572 1086 2641 inventum
1107 2585 1220 2648 autem

115 2732 186 2782 non
212 2720 350 2803 caperet
367 2710 459 2778 orbis
475 2719 647 2779 terrarum
700 2708 819 2799 ltaque
843 2709 870 2777 is
891 2731 1048 2779 numerus
1069 2714 1123 2780 vel
1144 2738 1219 2784 me-

116 2848 224 2915 thodo
242 2846 299 2935 illa
314 2847 463 2916 Pelliana
477 2845 688 2936 quaerendus
711 2846 784 2932 erit,
809 2845 864 2915 vel
885 2845 1126 2943 indagandum,
1152 2876 1219 2944 qua

116 2986 171 3053 via
186 2985 408 3056 Archimedes
423 2985 587 3054 rationem
608 2983 785 3078 putaverit.

217 3157 257 3226 lu
276 3157 524 3258 incredibilium
545 3155 629 3222 libro
651 3177 688 3246 p.
713 3146 798 3220 355.
825 3153 860 3220 in
880 3175 967 3221 nona
988 3153 1219 3229 observatione

115 3292 210 3383 quod
235 3294 329 3385 apud
345 3295 552 3385 Dionysium·
566 3293 600 3361 in
620 3293 704 3361 Arte
719 3290 890 3359 rhetorica
909 3316 944 3385 p.
962 3289 1056 3379 235,
1073 3292 1134 3368 ll.
1161 3319 1219 3364 ar-

114 3430 253 3526 ticulum
271 3430 320 3501 ,ad
341 3424 455 3510 λύπας
477 3430 671 3521 appositum
699 3450 771 3496 esse
792 3430 930 3522 scripsi,
970 3433 1031 3500 etsi
1056 3433 1162 3523 quivis
1180 3434 1218 3502 id

114 3591 179 3660 per
199 3590 348 3638 errorem
366 3567 492 3635 dictum
512 3587 583 3634 esse
603 3564 782 3657 intelliget,
807 3574 920 3634 umen
939 3590 960 3634 a
979 3569 1124 3660 meipso
1139 3593 1218 3640 cor-

114 3705 179 3796 rigi
200 3712 351 3796 parest,
378 3727 423 3773 ne
442 3703 510 3773 hcc
531 3723 667 3792 quoque
687 3702 723 3769 in
744 3703 866 3772 iniuriis
885 3713 1087 3774 numeretur.
1140 3707 1217 3777 Au-

115 3841 277 3909 didissem
308 3849 421 3910 autem
453 3838 534 3910 huic
569 3839 680 3931 primo
708 3839 795 3908 libre
826 3841 1006 3929 alterum,
1023 3843 1052 3910 si
1082 3843 1217 3915 fecisset

114 3977 338 4070 SchaeferuS,
371 3978 465 4069 quod
485 3988 708 4078 rogaveram,
732 3984 770 4042 ut
789 3977 997 4068 patefaceret
1024 4001 1107 4069 quas
1129 3981 1215 4050 iniu-

114 4114 178 4181 rias
198 4114 261 4182 sibi
282 4116 389 4183 illatas
407 4113 631 4204 conqueritur.
683 4113 730 4182 Et
749 4113 919 4185 ferebatur
940 4117 1077 4205 quidem
1089 4118 1216 4210 aliquid

113 4247 238 4318 Halam
256 4253 402 4341 misisse,
425 4252 522 4343 ‘quud
540 4274 605 4343 per
626 4235 799 4320 censorem
820 4252 965 4341 aliquem
982 4253 1082 4345 primi
1098 4254 1214 4325 lucre·

115 4384 361 4458 dibiliumlibri
385 4388 502 4481 diurna
524 4388 682 4460 litteraria
702 4389 736 4459 in
755 4388 928 4482 publicam
949 4391 1060 4461 lucem
1078 4392 1214 4485 profer-
