2842 4920
323 375 618 439 lncnnnlsslntvn
639 375 756 439 LIBER
776 378 929 453 PRIMVS·
1147 388 1213 453 δα)

106 566 252 636 rendum
285 566 388 636 fuisse
421 569 471 657 ei,
505 569 564 660 qni
598 568 646 638 sic
679 579 717 639 nt
741 571 817 664 ipse
843 571 888 640 de
913 571 982 641 hoc
1006 595 1134 666 genere
1158 522 1213 647 di·

108 671 208 740 cendi
234 671 384 740 sentiret:

161 804 191 880 oi
216 800 326 905 φάος,
351 809 527 903 μέγιστον
552 806 661 907 ἡμῖν,
687 807 788 885 sdico
813 807 1076 907 βακχεύματος.

210 961 370 1031 XXXIX
404 963 444 1030 Ρ.
466 961 553 1031 120.
586 963 621 1030 in
647 963 879 1035 adnotatione:
914 1016 936 1053 „
951 968 1213 1066 constantissi-

108 1087 207 1134 mom
232 1074 288 1134 est
314 1065 528 1154 discrimen,
557 1067 655 1158 quod
676 1091 722 1136 ne
749 1070 848 1161 quis,
881 1070 1067 1166 Wolfianc
1091 1084 1212 1145 neotus

108 1169 413 1262 interpunctione,
449 1169 658 1239 Homericis
690 1171 726 1240 tr.
762 1172 817 1241 ΙΙ.
848 1197 880 1242 v.
909 1173 996 1244 25⁰.
1031 1199 1084 1268 sq.
1119 1200 1212 1246 con-

108 1272 193 1342 velli
212 1281 337 1366 potet,
372 1273 512 1366 cogitet
544 1274 707 1367 optativo
731 1277 809 1344 veri
832 1277 986 1348 nominis
1020 1275 1085 1353 οὐκ
1117 1280 1212 1350 addi

107 1400 179 1446 non
195 1399 317 1469 posse.
359 1375 468 1446 Satis
491 1387 617 1446 notum
643 1385 716 1467 est,
744 1373 983 1472 ψευδώνυμον
1011 1405 1094 1451 cum
1115 1382 1264 1477 par-27

109 1481 225 1551 ticcio
239 1479 285 1552 άκ
299 1481 512 1573 saepissime
526 1483 580 1551 sic
591 1481 690 1573 poni,
712 1489 753 1550 ut
765 1482 880 1552 vicem
891 1495 1007 1576 gerat
1020 1485 1090 1558 τοῦ
1105 1514 1214 1583 προς-

107 1582 301 1658 saeviunt:
335 1605 405 1674 qno
428 1607 537 1655 sensu
558 1582 796 1671 ubidicitur,
831 1583 876 1658 ου’
896 1597 997 1656 recte
1020 1588 1212 1676 adsciscit,

106 1687 327 1756 mutandum
340 1688 435 1756 illud
447 1688 485 1756 in
503 1681 569 1782 μή,
594 1687 895 1782 siimperaticum
909 1690 1091 1788 sufficias.
1120 1693 1213 1763 Art-

107 1791 307 1885 stophaaes
328 1790 431 1884 Vesp.
445 1815 477 1860 v.
493 1790 579 1869 725,
594 1813 649 1883 sq.

157 1938 254 2035 ἧσσα
289 1937 402 2039 σοφάς
434 1939 498 2037 ἦν,
539 1941 633 2026 ὅστις
659 1944 831 2039 ἔφασκεν·
877 1944 972 2039 Πρὶν
998 1944 1044 2020 άκ
1070 1944 1212 2047 άμφοῖκ

695 2049 822 2143 μῦθοι
841 2042 994 2144 cinctione
1001 2098 1013 2141 ,

157 2144 224 2224 σάκ
243 2146 289 2222 tv
303 2141 478 2230 δικάσαις.

106 2304 211 2397 adq.
235 2302 259 2372 l.
279 2300 529 2371 Scholiastes:
552 2297 667 2376 Κατά
686 2298 753 2394 τά,

156 2454 302 2554 „Moti
345 2451 445 2550 δι’κηκ
482 2449 647 2552 δικάσῃς,
690 2482 789 2577 apte,
818 2483 1045 2598 oo“oppote
1085 2457 1211 2552 μῦθον

698 2584 859 2654 ακσυσῃς.

105 2668 270 2783 Fatebor,
308 2694 402 2787 qnod
425 2695 502 2764 satis
528 2702 647 2763 notum
666 2693 811 2780 diceret,
843 2693 926 2762 mihi
947 2696 1100 2786 ignotum
1126 2721 1211 2787 esse,

106 2811 310 2895 gratumque
325 2800 494 2867 facturum
515 2799 634 2882 fuisse,
660 2799 687 2866 si
706 2799 743 2867 id
754 2799 825 2867 aliis
846 2801 1008 2890 exemplis
1025 2823 1126 2889 qnam
1146 2803 1211 2871 isto

106 2903 340 2995 Aristophanis
364 2925 464 2971 versu
487 2903 716 2994 probavisset,
745 2903 869 2991 inquo
891 2899 956 2974 otiu
980 2898 1025 2974 άκ
1049 2899 1213 2989 δικάσαις

107 3007 142 3075 id
163 3007 258 3100 qnod
272 3007 397 3096 ubique
419 3007 624 3098 significare,
650 3028 721 3074 non
734 3005 859 3097 possis
879 3004 1064 3097 iudicare,
1091 3007 1213 3076 eadem

106 3114 236 3180 ratione
248 3133 315 3201 qna
330 3108 567 3194 aQuintiliano
584 3109 610 3176 Ι.
625 3104 660 3195 5,
675 3106 735 3177 5⁰.
743 3109 927 3177 monitum:
944 3130 987 3176 ne
1007 3132 1054 3178 ac
1065 3134 1132 3178 non
1143 3112 1213 3179 ad·
1240 3172 1246 3181 .

105 3214 252 3285 verbio:
287 3214 347 3305 qni
374 3222 496 3281 tamen
521 3234 593 3305 pro
622 3211 707 3297 tito,
744 3235 787 3279 ne
811 3212 949 3301 feceris,
980 3235 1049 3279 non
1076 3212 1211 3302 feceris,

106 3319 144 3387 κά
160 3319 258 3387 idem
271 3316 415 3386 incidat
429 3316 572 3405 vitium,
600 3317 687 3408 qnia
703 3316 864 3386 atterum
879 3316 1046 3408 negandi
1063 3326 1130 3408 est,
1150 3318 1212 3386 al-

106 3431 227 3493 terum
244 3419 405 3490 vetandi.

208 3559 283 3626 XL.
323 3557 362 3624 P.
381 3554 466 3623 123.
491 3553 668 3647 Odysseae
681 3556 708 3624 1.
724 3577 756 3624 n.
772 3554 832 3624 47.
856 3554 1019 3641 afferens,

157 3707 204 3794 oio
219 3702 398 3784 άαάλοισσ
416 3707 475 3781 καὶ
489 3704 593 3789 ἄλλος
600 3759 611 3797 ,
639 3705 716 3790 ὅτις
731 3701 891 3782 τοιαῦτά
907 3737 947 3802 γε
967 3710 1081 3808 ῥέζοι,

104 3865 291 3954 „Codices
318 3860 497 3932 Wndod.“
523 3861 646 3950 inquit,
669 3909 690 3945 ,‚
701 3863 803 3958 ῥέζει.
856 3860 936 3929 Ant
957 3861 1028 3929 troc
1043 3858 1211 3952 mobon-

107 3969 215 4055 dum,
250 3967 396 4061 opinor,
431 3952 720 4057 collegendum
751 3966 875 4060 ῥι’ζῃ.“
933 3965 1012 4031 Non
1035 3964 1213 4032 videbatur

104 4071 188 4141 mihi
208 4070 429 4138 dubitandum
448 4067 581 4136 essedo
603 4067 772 4158 optativo,
800 4088 868 4156 quo
884 4066 966 4135 nihil
980 4076 1067 4135 esset
1082 4068 1212 4136 verius:

104 4174 258 4268 pendere
283 4176 369 4242 enim
391 4193 432 4241 ex
453 4192 653 4263 praegresso
675 4171 838 4261 optativo.
893 4169 964 4240 Sed
990 4171 1072 4238 nihil
1097 4172 1213 4238 attinet

104 4278 235 4370 repeti,
261 4301 349 4367 quae
364 4277 444 4345 alibi
459 4275 503 4343 de
516 4272 585 4341 hoe
603 4296 730 4366 genere
742 4273 923 4364 loquendi,
949 4272 1054 4343 hodie
1077 4273 1211 4342 notissi-

104 4404 181 4467 mo,
208 4382 335 4472 scripsi.

154 4498 277 4569 Hnnn.
304 4497 370 4574 ΟΡ.
392 4501 449 4571 lv.
937 4496 1003 4565 Aa
