2842 4920
540 355 627 416 LIB.
650 356 703 418 111.
750 360 847 423 CAP.
869 364 899 426 b·
982 358 985 362 ¹
1216 376 1277 439 lol

172 539 344 632 exempla,
370 542 465 631 quod
483 542 528 612 de
542 543 581 612 iis
603 545 698 614 aliter
713 547 834 617 sentire
850 549 951 620 video
964 553 1170 649 Reisiginm,
1195 561 1279 655 ipsis

170 645 276 711 verbis
290 644 488 717 adscribam.
514 647 609 716 lliad.
623 656 659 741 β.
677 649 765 723 34⁰.

216 801 255 870 ἑν
269 798 355 894 aopi
373 793 418 892 δή
427 800 563 891 βουλαί
574 830 616 874 τι
628 801 797 895 γενοίατο
811 799 932 902 μήδεά
950 805 988 881 τ’
1004 805 1158 909 ἀνδρῶν.

169 951 258 1039 quod
273 951 330 1019 ille
350 975 387 1043 p.
405 951 490 1021 134.
508 976 572 1045 per
586 955 857 1049 interrogationis
876 960 1024 1052 figuram
1040 968 1276 1056 explicandum

169 1063 295 1123 censet:
306 1077 311 1087 ·
322 1078 440 1122 eanon
455 1078 543 1147 opus
558 1081 641 1141 esse,
661 1061 738 1128 satis
752 1059 877 1130 docent
889 1074 1023 1133 caetera
1037 1090 1125 1158 quae
1141 1094 1274 1141 memo-

166 1158 308 1225 ravimus
326 1162 493 1250 exempla.
546 1161 594 1228 Et
607 1162 702 1233 Iliad.
719 1189 750 1235 ν.
767 1163 856 1238 426.

164 1566 256 1655 quod
270 1591 307 1657 p.
320 1566 406 1636 130.
433 1570 547 1637 nescio
564 1593 633 1659 quo
650 1572 750 1662 lapsu
765 1574 900 1642 soloece
915 1575 1043 1642 dictum
1058 1586 1165 1665 ratus,
1192 1581 1273 1649 fecit

99 1708 101 1713 ·
162 1677 198 1736 ut
217 1693 260 1737 eo
277 1671 412 1740 nomine
430 1673 750 1763 reprehendendum
777 1676 818 1743 sit
836 1670 1057 1770 πτώσσοιμεν
1080 1682 1270 1752 scribendo.

163 1771 233 1841 Sed
251 1771 319 1844 od.
335 1802 368 1871 η.
386 1774 472 1844 314.
487 1777 717 1846 scribendum:

535 1909 635 1986 οἷκον
652 1916 694 1988 δέ
706 1910 742 1986 ν’
756 1907 826 2008 a’yoi
839 1914 898 1988 καὶ
912 1909 1081 2013 κτήματα
1098 1917 1220 2017 δοίην,

211 2008 286 2084 αἴν’
301 2013 436 2087 ἐθέλων
450 2043 490 2108 γε
510 2017 642 2108 μένοις.
1050 2040 1053 2045 ’

161 2165 273 2259 Vulgo
286 2168 328 2243 ,δέ
342 2162 429 2260 ἔναι’·
457 2169 558 2237 codd.
572 2170 721 2238 nonnulli
736 2169 778 2243 δέ
792 2165 830 2241 τ’
849 2163 926 2260 ἐγώ.
962 2170 1020 2238 Sic
1037 2173 1138 2241 etiam
1154 2173 1222 2244 Od.
1237 2181 1268 2250 λ.

162 2268 245 2344 loo.
264 2281 359 2338 recte
375 2272 471 2341 Harl
483 2282 524 2340 'et
538 2296 623 2342 unus
639 2273 967 2342 Vindobouensium:

209 2419 293 2500 ἀλλ’
306 2424 362 2498 ἔτι
377 2425 446 2517 μέν
462 2452 502 2498 ιιι
518 2424 578 2498 καὶ
594 2416 653 2514 ὥς.
680 2420 772 2499 κακοί
787 2434 855 2521 ’περ
875 2421 1087 2516 πάσχοντες,
1114 2434 1268 2503 ἵκοισθε.

159 2578 215 2647 ubi
227 2579 335 2670 vulgo
347 2578 417 2670 μέν
436 2606 477 2671 γε
497 2577 556 2649 καὶ
569 2576 624 2659 οἷς.
677 2579 867 2646 Particulae
882 2605 921 2649 ιιε
941 2577 1000 2648 ναὶ
1015 2579 1147 2648 iunctae
1163 2603 1267 2672 repe-

158 2682 285 2749 n‘untur
304 2682 403 2748 etiam
423 2683 519 2763 aiibi,
548 2678 812 2754 ut.11.0.235.
841 2690 868 2763 ξ.
900 2679 989 2754 131.Ι
1011 2679 1095 2749 310.
1120 2709 1153 2775 ρ.
1180 2679 1266 2755 546.
1392 2762 1394 2767 .

159 2783 225 2856 0d.
246 2791 283 2877 β.
305 2782 390 2852 332.
416 2812 440 2856 ι.
457 2783 542 2852 303.
564 2785 651 2852 331.
676 2795 710 2853 et
725 2813 785 2856 νιν
801 2783 861 2856 ναὶ
883 2786 913 2854 λ.
930 2783 1017 2857 339.
1071 2785 1137 2853 Vel
1155 2810 1198 2855 ex
1214 2788 1265 2858 his

157 2910 328 2980 apparere
350 2898 453 2978 puto,
487 2888 581 2978 quod
604 2888 775 2955 contendit
797 2887 965 2978 Reisigius
988 2910 1025 2978 p.
1051 2886 1136 2957 123.
1160 2891 1266 2969 omitti

157 2991 220 3075 ἄν,
253 2991 313 3059 ubi
335 2990 417 3079 quid
438 2990 697 3082 hypotheticum
722 2991 769 3055 ita
788 2998 949 3080 ponatur,
983 2999 1021 3056 ut
1045 2990 1088 3057 ab
1110 2992 1187 3081 ipso
1209 2996 1265 3082 qui

156 3094 303 3184 loquitur
328 3116 394 3161 uon
418 3104 510 3162 certa
536 3095 684 3179 ratione,
711 3091 773 3158 sed
801 3090 950 3179 quodam
977 3092 1146 3183 cogitandi
1171 3095 1264 3160 arbi-

154 3199 217 3265 tn'o
230 3198 274 3265 sit
286 3206 473 3288 sumptum,
500 3207 536 3265 ut
551 3206 601 3265 est
614 3196 787 3264 obscurius
805 3193 950 3280 dictum,
975 3193 1022 3261 ita
1037 3219 1080 3262 ne
1096 3195 1173 3263 satis
1187 3199 1264 3285 qui-

156 3300 234 3368 dem
251 3323 369 3368 verum
385 3323 469 3368 esse.
513 3301 758 3391 Exemplorum
773 3307 895 3384 autem,
921 3299 1042 3385 quibus
1059 3299 1172 3384 utitur,
1199 3300 1265 3368 alia

153 3412 245 3472 recte
262 3427 298 3471 se
311 3402 449 3488 babent,
474 3404 508 3470 in
524 3405 642 3492 quibus
656 3403 848 3494 opinionem
863 3401 986 3469 indicat
1001 3403 1179 3492 optativus,
1199 3405 1264 3472 alia

154 3507 207 3574 vel
225 3507 412 3597 optativum
427 3509 571 3596 optantis
587 3506 736 3593 babent,
763 3505 819 3573 vei
833 3506 912 3573 alias
932 3506 976 3572 ob
992 3529 1123 3573 caussas
1140 3507 1183 3574 ab
1197 3507 1263 3575 hac

154 3609 379 3700 disputatione
396 3610 601 3679 removenda
617 3619 702 3681 sunt.
753 3610 801 3676 Et
817 3609 873 3674 illa
892 3609 1046 3696 quidem,
1074 3632 1162 3697 quae
1185 3611 1261 3700 opi·

153 3713 288 3780 nionem
303 3713 507 3804 significant,
533 3713 619 3781 haec
635 3721 720 3781 sunt
772 3711 946 3804 Aristopb.
965 3712 1029 3800 Eq.
1050 3707 1158 3778 loos.

204 3843 285 3922 ἀλλ’
301 3845 364 3921 οὐκ
382 3848 427 3920 ἄν
442 3850 665 3941 μαχέσαιτο·
694 3849 841 3938 χέσαιτο
858 3840 945 3940 γάρ,
975 3847 1233 3939 εἰμαχέσαινο.

151 3985 249 4054 Pind.
278 3985 335 4059 01.
355 3986 414 4053 111.
434 3984 496 4058 81.
520 3978 634 4065 κεινός
660 3986 743 4080 εἴην.
796 3986 885 4053 Nam
910 3989 1024 4062 κεῖνος
1048 3985 1140 4080 εἴην,
1166 3984 1261 4073 quod

149 4090 321 4180 probabat
335 4088 513 4180 Reisigius‚
539 4087 575 4154 id
597 4096 634 4154 ut
650 4087 795 4179 optantis
812 4095 909 4174 esset,
935 4085 1040 4154 hodie
1064 4087 1176 4179 ipsum
1193 4088 1265 4162 iam¹

149 4191 346 4286 improbare
369 4192 482 4260 credo.
510 4190 567 4264 01.
584 4191 644 4262 xl.
656 4192 713 4258 fin.
1103 4206 1105 4213 ’

360 4321 407 4400 το
422 4322 491 4421 γοῖρ
508 4328 640 4423 ἐμφυὲς
655 4323 737 4402 οὔτ’
751 4329 869 4399 αἴθων
886 4318 1028 4420 ἀλώπηξ

200 4447 324 4520 Hanni.
350 4446 417 4519 ΟΡ.
442 4447 501 4516 Ν.
1020 4443 1051 4509 L
