2842 4920
493 310 595 425 ¹ura.
617 363 657 426 u.
699 362 797 426 cuo.
823 367 912 430 aa.
1226 370 1272 433 oa
1363 337 1369 344 ’

150 555 234 623 dum
259 553 343 644 qnid
360 553 430 622 fiat
482 552 538 621 Ex
556 577 626 645 quo
650 554 865 648 intelligitur,
899 577 1077 643 commune
1096 557 1270 649 utriusque

150 659 287 752 generis
310 657 379 725 hoc
408 680 501 744 esse,
536 659 631 748 qnod
654 658 881 728 conditionem
911 659 1058 748 aliquam
1083 662 1270 746 coutinent3

150 761 293 830 differre
317 770 431 829 antem
451 761 539 828 inter
559 786 596 830 se
620 784 683 851 eo,
710 763 804 852 qnod
826 762 1067 833 conditionales
1087 768 1270 835 sententiae

150 864 381 934 conditionem
397 889 418 933 a
434 864 543 952 facto,
570 865 663 955 quod
683 888 922 959 praegressum
939 867 998 955 sit,
1025 868 1142 938 finales
1156 877 1270 939 autem

149 971 195 1038 ab
221 977 364 1054 eventu,
391 969 450 1058 qui
469 969 511 1036 sit
532 980 814 1060 consequuturus,
840 978 1009 1061 repetunt.
1062 972 1114 1041 lta
1132 981 1270 1043 senten-

149 1074 197 1142 tia
217 1071 449 1140 conditionalis
471 1080 541 1156 est,
572 1074 674 1156 λέξω,
703 1069 748 1155 nic
769 1073 870 1157 εἰδῶ,
896 1073 1041 1164 dicam,
1067 1085 1108 1144 ut
1127 1076 1270 1146 sciero:

149 1198 356 1270 praegressa
372 1176 460 1244 enim
476 1164 617 1244 scientia⁸
627 1177 669 1244 sit
684 1199 823 1245 necesse
838 1184 906 1261 est,
933 1186 971 1245 ut
985 1200 1101 1247 caussa
1113 1179 1269 1264 dicendi3

149 1280 260 1348 finatis
275 1288 405 1367 antem,
431 1280 534 1362 λέξω,
562 1276 607 1360 uic
623 1278 738 1375 εἰδῇς,
767 1281 903 1367 dicuin,
928 1281 1102 1352 atociae:
1128 1306 1197 1374 qno
1213 1284 1267 1353 ef-

149 1382 232 1452 fecti
248 1382 408 1474 cogitatio
422 1405 488 1474 pro
508 1405 627 1451 caussa
641 1382 778 1451 dicendi
790 1408 862 1453 esse
882 1384 1097 1476 significatur.

256 1487 328 1554 lam
347 1487 441 1578 qnod
456 1486 501 1554 ad
520 1487 720 1578 particulam
735 1485 782 1559 oin
804 1488 938 1574 attinet,
961 1488 1033 1556 eius
1051 1489 1085 1557 in
1102 1488 1269 1558 conditio-

150 1590 282 1659 nalibus
305 1590 473 1660 sententiis
495 1590 691 1681 planissima
716 1590 801 1658 ratio
831 1600 891 1659 est
943 1591 1052 1660 Abest
1072 1592 1178 1676 enim,
1209 1593 1270 1661 ubi

151 1693 350 1786 simpliciter
364 1694 510 1762 conditio
521 1694 697 1780 indicatur,
717 1716 785 1783 qua
798 1694 881 1784 quid
894 1693 969 1776 fian
996 1694 1133 1763 additur
1145 1702 1269 1786 autem,

150 1797 210 1866 ubi
229 1820 307 1865 eam
324 1797 551 1867 conditionem
570 1798 732 1864 incertam
752 1820 825 1866 esse
844 1807 981 1886 atquae
1003 1798 1104 1866 rebus
1125 1799 1270 1867 fortuitis

150 1900 306 1993 pendere
331 1901 506 1970 innuimus.
558 1901 683 1969 Similis
702 1922 781 1969 usus
807 1911 857 1969 est
887 1900 1073 1992 particulae
1100 1900 1200 1970 lunius
1233 1902 1270 1970 in
1369 1909 1372 1915 '

152 2004 324 2074 sententiis
340 2006 506 2078 finalibus.
561 2003 677 2089 Quum
697 2004 788 2072 enim
807 2014 937 2073 certum
956 2003 1141 2073 indicamus
1156 2006 1271 2093 linem,

152 2109 332 2192 omittitur3
355 2131 464 2199 ¹quum
486 2117 599 2177 autem
617 2117 774 2176 eventum
790 2109 893 2178 rebus
915 2109 1058 2177 fortuitis
1076 2107 1271 2195 obnoxium,

152 2211 316 2280 adiicitur.
368 2213 440 2282 Sed
461 2212 496 2279 in
515 2211 584 2280 hoc
605 2211 744 2302 quidem
763 2235 891 2304 genere
915 2212 1090 2304 singularis
1112 2211 1198 2280 ratio
1220 2221 1272 2282 eet

151 2315 338 2409 particulae
360 2323 439 2401 ἵνα,
465 2339 568 2406 quam
591 2314 789 2408 adspernari
803 2315 850 2389 aiv
867 2316 903 2384 iu
922 2316 1084 2385 sententia
1104 2317 1200 2385 finali
1218 2317 1272 2389 vi-

153 2419 319 2490 dabimus,

257 2520 406 2591 Omnino
422 2530 535 2590 autem
548 2521 637 2589 bene
651 2519 833 2588 tenendum
854 2528 920 2606 est,
948 2518 975 2588 si
990 2521 1166 2612 epicorum
1179 2530 1271 2589 vete·

152 2649 227 2694 rum
248 2648 439 2693 sermonem
459 2626 625 2717 excipiam
652 2622 699 2696 rin
720 2646 887 2714 nusquam
904 2624 950 2691 ita
969 2621 1109 2715 adiungi
1130 2625 1271 2692 coniun-

155 2731 260 2810 ctivo,
286 2738 324 2797 ut
345 2751 426 2797 vere
448 2737 675 2797 constructum
696 2751 773 2796 cum
791 2749 834 2796 eo
858 2727 1037 2797 existimari
1058 2728 1186 2822 possit,
1210 2728 1272 2798 sed

154 2834 251 2902 unice
274 2833 445 2925 pertinere
468 2822 514 2900 ad
536 2831 784 2900 coniunctiones
806 2831 897 2921 illas,
932 2855 974 2899 ex
997 2831 1120 2921 quibus
1142 2832 1272 2926 pendet

154 2937 398 3026 coniunctivae,
424 2934 469 3005 de
481 2959 549 3028 qua
561 2959 600 3005 re
621 2935 747 3002 dictum
764 2942 814 3003 est
827 2935 885 3003 lib.
902 2935 928 3004 l.
942 2957 1017 3027 cap.
1035 2933 1070 3002 4.

670 3207 746 3282 vn.

155 3363 227 3434 De
257 3387 343 3436 nau
369 3363 653 3458 particulae
686 3362 741 3438 dn
769 3383 869 3433 cnm
896 3359 1201 3431 coniunctivo
1227 3361 1270 3432 in

153 3485 404 3556 sententiis
431 3482 848 3570 conditionalibus,
879 3492 921 3552 et
940 3482 1144 3578 primum
1170 3484 1271 3577 qni-

293 3607 393 3676 dem
419 3607 474 3676 de
500 3607 542 3679 ai
565 3614 609 3675 et
634 3603 684 3695 ἢν
711 3627 808 3674 cnm
835 3603 1139 3677 coniunctivo.

258 3758 427 3846 Diximus,
456 3761 703 3829 coniunctivum
720 3758 789 3828 sine
801 3758 967 3851 particula
982 3755 1028 3831 dr
1044 3755 1126 3849 poni
1144 3756 1178 3824 in
1191 3778 1271 3824 sen·

153 3863 265 3931 tentiis
281 3864 572 3950 conditionalibus,
597 3863 656 3932 ubi
669 3863 752 3931 nihil
765 3864 826 3933 nisi
840 3861 987 3931 conditio
1000 3862 1076 3953 ipsa
1090 3860 1271 3944 indicetnr;

154 3965 235 4037 addi
259 3975 371 4037 autem
395 3965 462 4057 dn,
495 3967 556 4036 ubi
573 3966 723 4035 conditio
743 3965 894 4059 pendeat
916 3987 959 4033 ex
985 3965 1086 4033 rebus
1117 3962 1271 4036 fortuitis.

153 4069 207 4138 Ac
221 4072 395 4162 permulta
420 4080 496 4140 sunt
508 4071 695 4156 vocabula,
722 4093 810 4160 quae
831 4067 1015 4138 conditioni
1029 4068 1272 4161 significandae

153 4171 346 4262 inserviunt,
362 4175 474 4268 primo
484 4176 650 4268 particula
665 4174 807 4266 proprie
825 4173 1066 4259 conditionalis
1083 4173 1126 4257 εἰ,
1148 4168 1272 4239 deinde

152 4275 232 4346 illae
254 4277 376 4369 quibus
405 4280 566 4372 temporis
591 4278 700 4347 locive
729 4277 929 4370 significatio
958 4275 1115 4344 adiuncta
1135 4284 1201 4363 est,
1234 4282 1273 4341 ut

153 4378 253 4473 inei,
283 4377 369 4473 ὅτε,
396 4374 530 4474 ὁπότε,
565 4377 664 4469 εὖτε,
696 4379 800 4479 πρίν,
835 4383 919 4471 ἕως,
946 4379 1060 4465 ἔνθα,
1087 4382 1166 4463 ἵνα,
1193 4370 1272 4457 ὅθι,
