2842 4920
295 358 348 437 nu
367 372 708 471 ruscnrrnournvs
728 372 958 451 Quorsum
972 368 1147 438 currus.
1210 383 1278 447 ιιι

162 570 332 662 ἔμεναι
317 561 413 635 enin
440 562 631 658 lapicidae
652 561 800 647 deberi,
833 563 914 657 qui,
945 566 1046 657 quod
1064 567 1284 659 ιιιιιιιιιίιιιίιιει

151 671 325 767 sactum,
338 664 514 761 formum
522 666 730 761 pleniorem
743 689 821 761 pro
839 668 965 738 ultera
975 671 1157 762 posuerit.
1199 672 1276 744 No-

163 774 244 846 ocr‘o
265 781 391 843 omnen
418 794 470 840 αιι
487 770 627 866 positio
646 769 718 841 hoo
739 772 849 851 modo
868 773 1046 867 neglecta
1071 770 1277 849 bardorum

163 877 347 950 λαιιίιιιιιιι
376 875 482 946 haud
507 875 628 946 ιιιὶιιιιι
656 876 802 969 produt
834 898 946 969 quom
975 876 1176 973 irpioriticus
1202 903 1277 952 m

165 983 348 1055 Graccus.

268 1083 370 1155 Tulin
388 1079 527 1172 quidem
548 1102 587 1149 se
610 1079 688 1174 ipsu
710 1081 875 1169 refluant,
901 1083 1091 1173 mirumque
1112 1092 1182 1172 est,
1210 1086 1258 1157 td

164 1188 245 1261 duci
263 1206 471 1279 quemquam
487 1205 609 1277 posse,
634 1193 692 1271 ut,
718 1209 789 1277 quo
810 1186 1038 1255 barbarismos
1057 1188 1203 1259 murinus
1223 1189 1276 1259 in-

163 1291 296 1363 auditos
327 1297 478 1374 tuentur,
518 1288 721 1379 scriptorem
749 1289 931 1359 contendat
954 1289 1057 1359 fuisse
1081 1291 1276 1379 barborum,

162 1394 315 1489 idqueiu
331 1392 464 1479 ioco,
454 1413 604 1481 inquom
622 1391 699 1461 sotis
720 1402 794 1461 erut
807 1395 925 1462 oculos
942 1394 1120 1487 coniicere,
1146 1407 1185 1464 ut
1200 1396 1274 1487 quis

162 1501 199 1569 in
230 1520 309 1568 unu
331 1497 423 1569 mule
454 1495 582 1589 scripta
611 1495 722 1565 littero
751 1501 787 1571 Υ
813 1506 1016 1590 agnosceret
1047 1501 1089 1572 T.
1148 1499 1275 1631 Versus

291 1748 416 1828 ἀλλ”
393 1781 414 1829 o
440 1751 510 1847 μὲν
546 1778 649 1847 syyvc
682 1750 768 1851 ἔτλη
802 1750 863 1824 καὶ
880 1742 1078 1877 ,στήμεναι
1112 1748 1272 1847 rotrodo-7

828 1880 970 1954 κρυσαι.

272 2009 312 2080 V.
325 2007 363 2084 8.
379 2007 467 2101 (lu)
493 2004 816 2084 AEIGAIAAX
867 2006 969 2078 Fort.
997 2001 1148 2106 doixosa.

264 2115 363 2206 Hoc,
395 2110 667 2203 necquidquam
688 2112 853 2204 mplius,
878 2109 1079 2181 Weickerus
1102 2111 1148 2183 de
1169 2112 1276 2185 uibus

161 2218 342 2314 postremis
371 2214 471 2287 huius
499 2215 612 2284 tuteris
639 2215 801 2285 versibus.
860 2215 909 2284 At
929 2214 1012 2306 quid
1035 2215 1178 2307 prodest
1205 2217 1275 2287 hoc

163 2316 322 2419 odanco,
354 2319 451 2411 quod
473 2342 516 2389 ex
538 2318 654 2388 litteris
674 2341 763 2409 quoe
786 2317 925 2389 alumne
944 2327 1022 2389 sunt
1042 2320 1158 2395 ΤΛΧ
1174 2321 1274 2409 elicit,
1347 2362 1350 2367 <

162 2428 224 2496 nisi
245 2424 449 2504 ostenditur,
476 2421 654 2515 quomodo
669 2421 739 2491 hoc
757 2422 964 2492 vocabulum
984 2421 1066 2491 huic
1085 2423 1164 2491 loco
1190 2446 1275 2495 oon-

161 2529 299 2601 reniut?
323 2525 724 2607 Multusuntvocobulu,
744 2546 890 2613 quorum
905 2525 1047 2616 vestigia
1062 2526 1139 2616 pori
1152 2526 1225 2596 iure
1238 2527 1273 2596 in
1338 2527 1341 2535 '

161 2633 215 2704 his
229 2632 347 2701 litteris
361 2630 504 2701 inveniri
519 2635 675 2722 possent:
698 2626 761 2697 sed
773 2625 941 2718 quidquid
955 2627 1005 2697 sic
1017 2635 1147 2697 temere
1156 2638 1192 2697 et
1201 2631 1274 2699 sinc
1311 2654 1314 2662 ¹

161 2737 286 2809 idoneo
299 2756 417 2805 caussa
438 2733 633 2819 coniicitur,
658 2732 766 2802 inanis
784 2731 877 2801 imus
893 2739 962 2818 est,
987 2731 1184 2823 nullumque
1205 2734 1275 2803 uti·

162 2841 291 2911 intem
304 2837 416 2909 offert
460 2834 684 2922 wolckerus,
708 2837 845 2909 lucunas
861 2833 919 2904 hic
932 2858 1006 2905 esse
1016 2844 1151 2928 putens,
1171 2861 1275 2928 quom

161 2967 284 3013 ranam
306 2942 500 3035 opinionem
520 2962 597 3011 esse
620 2956 724 3034 supru
744 2938 967 3027 ostendimus,
992 2940 1187 3032 fragmenta
1205 2962 1274 3035 pov

162 3048 228 3117 suit
239 3047 340 3116 trium
353 3066 529 3115 versuum:

329 3193 436 3272 τοῦδ
451 3198 487 3271 εἰ
509 3223 532 3270 o
586 3245 1032 3266 ........

171 3301 351 3403 μηδεν
374 3309 556 3400 ιθησιυαο
590 3349 599 3368 .
653 3347 662 3365 ·
715 3349 723 3366 .
777 3352 785 3369 .
794 3346 1032 3366 .....

330 3453 339 3471 ·
393 3457 402 3474 .
456 3459 465 3476 .
518 3453 527 3471 ·
579 3400 649 3495 μὲν
675 3401 910 3492 δέξαιδαχ.

161 3557 208 3626 At
221 3557 419 3627 lacunarum
431 3553 560 3623 nulium
577 3576 651 3623 esse
665 3553 845 3646 vestigium
860 3553 1020 3625 vidimus:
1046 3577 1090 3624 ex
1106 3577 1175 3645 qno
1188 3577 1272 3622 con-

163 3660 333 3750 sequitur,
374 3659 501 3727 litteras
526 3681 615 3747 quoe
637 3680 669 3727 v,
697 3656 756 3725 lt.
795 3667 876 3749 post
914 3659 1152 3753 ἐπιδακρῦσαι
1184 3666 1271 3745 sunt,

162 3784 268 3835 unum
286 3763 460 3832 continere
483 3769 751 3854 pentametrum,
774 3781 885 3851 eoque
908 3760 997 3831 finiri
1015 3760 1084 3830 hoc
1096 3760 1272 3853 epigrum-

134 3888 228 3937 mu.
286 3867 327 3937 In
349 3864 542 3937 huiusmodi
574 3865 724 3935 obscuris
756 3872 791 3934 et
816 3863 1016 3933 divinatione
1044 3863 1272 3957 indigentibus

160 3969 246 4041 locis
268 3979 347 4041 unte
369 3969 483 4039 omniu
499 3968 753 4059 querendum,
779 3988 882 4057 quum
896 3967 1096 4038 seutentiam
1108 3968 1143 4036 in
1160 3969 1272 4037 verbio

160 4073 268 4147 lutere
287 4080 470 4167 oportent,
506 4071 548 4140 Id
567 4071 615 4142 ibi
629 4071 865 4143 ufficutinum
880 4079 949 4157 est,
975 4071 1033 4139 nbi
1049 4071 1143 4141 nullu
1156 4093 1272 4165 uppu-

160 4185 216 4249 rct
227 4179 429 4261 necessitas,
452 4198 542 4268 quoe
565 4174 634 4244 hoc
654 4174 886 4268 potiusquam
905 4174 998 4246 uliud
1012 4174 1097 4265 quid
1117 4175 1183 4245 dioi
1204 4198 1273 4266 po·

161 4281 273 4352 stulet
334 4281 449 4368 Quum
472 4279 520 4349 ob
547 4301 620 4349 rem
642 4279 677 4349 in
706 4278 765 4347 tuli
793 4278 1145 4367 conscendendum,
1182 4300 1273 4368 quoe

160 4383 336 4478 potuerint
359 4383 445 4473 dici,
478 4405 520 4452 ex
537 4383 645 4473 iisque
668 4381 864 4476 eligendum
887 4383 990 4470 iilud,
1026 4382 1120 4473 quod
1141 4403 1273 4465 verum,
