2842 4920
518 385 602 446 LIB.
624 383 647 450 1.
689 385 787 448 CAP.
810 388 861 452 12.
1218 393 1263 458 59

149 578 334 674 particulae
358 575 564 661 adiectione,
598 585 633 645 et
653 576 716 645 nisi
736 598 890 669 semper,
921 587 1037 645 tamen
1058 579 1261 672 plerumque

151 708 189 752 ea
202 705 330 752 carere.
383 680 461 752 Vid.
475 678 642 749 Matthiae
662 703 714 772 gr.
731 679 794 754 Gr.
811 675 847 773 §.
863 675 951 752 51⁰.
966 679 1001 749 6.
1029 692 1180 772 atquem
1204 687 1261 754 ille

149 787 265 855 laudat
274 784 501 855 Schaeferum
512 782 632 856 Melet.
648 808 696 856 cr.
709 807 744 876 p.
760 783 847 856 13⁰.
862 807 934 874 seq.
949 784 993 852 de
1007 786 1096 881 χρῆν
1111 796 1145 854 et
1155 789 1260 878 ἔμελ-

149 894 211 963 λον
235 889 464 957 disserentem.
517 887 597 955 Nou
617 897 745 955 temere
765 887 835 954 hoc
849 888 936 975 fieri,
963 889 1102 957 sensisse
1126 891 1260 959 videtur

148 992 316 1061 Matthiae
339 988 376 1086 §
398 987 487 1063 508.
511 999 581 1063 not.
605 990 640 1064 1.
658 990 721 1059 scd
737 988 886 1058 debebat
910 1015 985 1061 eam
1001 992 1164 1060 rationem
1180 1018 1259 1061 am-

149 1097 237 1190 plius
252 1097 434 1188 persequi,
460 1095 658 1186 praesertim
679 1116 784 1184 quum
804 1095 849 1161 ita
865 1095 1007 1186 simplex
1024 1105 1059 1163 et
1081 1097 1184 1187 plana
1208 1099 1260 1181 sit,

149 1210 184 1268 ut
197 1222 269 1267 non
282 1199 390 1292 possit
402 1221 472 1267 non
485 1199 596 1265 statim
613 1200 716 1267 cuivis
733 1221 912 1289 apparere.
962 1199 1084 1288 Neque
1099 1201 1189 1268 enim
1205 1202 1260 1268 ul-

149 1305 219 1370 lum
241 1305 375 1372 illomm
399 1301 581 1369 verborum
609 1312 675 1388 est,
711 1302 804 1391 quod
822 1324 891 1369 non
912 1310 969 1369 aut
990 1325 1092 1392 saepe
1115 1314 1172 1372 ant
1196 1305 1260 1370 ali-

150 1406 289 1496 quando
304 1415 395 1473 certe
409 1405 608 1497 particulam
623 1404 668 1476 ἄν
680 1413 749 1472 tam
770 1407 956 1473 necessario
970 1407 1129 1494 requirat,
1157 1430 1260 1497 quam

152 1511 227 1578 alibi
244 1510 479 1600 adspemetur.
531 1510 623 1576 Nam
643 1509 847 1598 ubicumque
867 1508 1012 1598 aliquid,
1042 1509 1137 1597 quod
1159 1512 1260 1578 etiam

151 1616 218 1682 sine
237 1613 430 1680 conditione
455 1632 571 1679 verum
593 1620 662 1696 est,
690 1621 990 1695 commemoratur,
1017 1612 1136 1680 abesse
1158 1613 1263 1681 debet

150 1717 336 1809 particular
370 1717 429 1783 ubi
454 1722 568 1784 autem
594 1714 721 1803 aliquid
746 1714 975 1798 nominamus,
1011 1714 1105 1802 quod
1132 1717 1263 1784 nonnisi

151 1830 244 1889 certa
259 1819 452 1888 conditione
466 1841 585 1887 verum
604 1826 672 1904 est,
697 1819 886 1886 necessaria
904 1828 955 1887 est
965 1818 1152 1908 particulae
1166 1818 1262 1889 adie-

151 1926 227 1992 ctio.
280 1924 481 2014 Intelligitur
494 1922 531 1990 id
551 1931 664 1990 antem
685 1944 727 1990 ex
741 1923 913 2013 opposito.
964 1922 1056 1989 Nam
1077 1921 1171 2012 qnod
1190 1924 1261 1992 sine

152 2026 343 2095 conditione
363 2048 482 2094 verum
505 2036 573 2117 est,
600 2026 632 2094 ei
655 2025 820 2094 nonlicet
840 2025 989 2118 opponi,
1014 2047 1083 2092 non
1103 2048 1177 2095 esse
1200 2050 1259 2095 ve·

151 2154 240 2200 rum:
268 2130 363 2223 quod
377 2139 491 2198 autem
505 2139 596 2198 certa
609 2137 738 2197 tantum
751 2129 944 2198 conditione
957 2135 1017 2216 est,
1044 2130 1075 2196 ei
1087 2139 1180 2198 recte
1195 2152 1262 2223 op-

150 2257 275 2326 pones,
314 2256 381 2303 non
412 2257 504 2321 esse,
546 2235 677 2302 sublata
709 2233 910 2306 conditione.
961 2233 1154 2306 lleclarabo
1187 2257 1262 2303 rem

151 2338 324 2432 exemplis.
377 2334 570 2428 Sophocles
585 2337 641 2405 ΕΙ.
661 2332 773 2405 1505.

251 2541 343 2638 χρῆν
370 2537 406 2614 δ
433 2535 544 2623 stete
571 2538 665 2615 εἶναι
691 2534 801 2638 τήνδε
826 2547 903 2622 τοῖς
928 2539 1040 2613 πᾶσιν
1067 2538 1177 2638 δίκην,

251 2643 347 2727 ὅςτις
372 2647 466 2742 πέρα
490 2639 669 2767 πράσσειν
695 2673 735 2738 γε
762 2645 835 2718 τοῖν
861 2637 985 2749 νόμον
1011 2642 1135 2738 θέλοι,

252 2747 427 2823 κτείνειν·
453 2775 498 2822 πο
525 2742 595 2845 yolo
626 2748 835 2846 πανοῦργον
862 2743 927 2823 οὖν
954 2746 1001 2822 ἄν
1026 2742 1071 2845 ἦν
1097 2741 1201 2823 πολύ.

158 2952 260 3050 Χρῆν
281 2953 380 3038 dicit,
402 2954 493 3073 ‘quia
523 2961 682 3044 oportere
703 2941 879 3021 indicat
854 2977 925 3022 sine
952 2954 1161 3022 conditione.
1198 2977 1262 3022 nec

152 3064 263 3149 potest
280 3057 430 3148 opponi,
463 3053 545 3130 αλλ’
567 3050 611 3127 οὐ
634 3048 722 3152 χρήε
753 3058 881 3123 namsi
902 3065 1054 3146 oportet,
1088 3056 1262 3147 quomodo

152 3168 263 3251 potest
277 3182 346 3227 non
358 3159 546 3252 oportere?
571 3158 619 3225 At
632 3180 702 3225 non
718 3160 829 3236 omnia
846 3159 942 3245 fiunt,
967 3180 1055 3248 quae
1071 3158 1262 3287 oportebat.

152 3263 268 3352 ltaque
289 3262 384 3352 quod
407 3285 585 3357 opponere
608 3267 726 3383 potes,
753 3263 845 3331 aliud
869 3272 934 3331 est.
969 3256 1054 3334 α’λλ
1082 3257 1147 3333 οοίι
1167 3263 1260 3335 ἔστι.

153 3365 281 3435 Contra
304 3389 372 3435 non
391 3367 490 3455 dicit,
512 3359 559 3439 ad
575 3392 645 3462 γαρ
668 3367 876 3462 πανοῦργον
896 3362 961 3439 οὖν
986 3360 1031 3461 ἤν
1054 3356 1173 3445 πολύ,
1199 3365 1263 3433 sed

152 3469 246 3537 addit
263 3470 476 3560 particulam.
527 3469 618 3536 Nam
638 3469 695 3536 illa
713 3479 843 3540 tantum
858 3469 1048 3538 conditione
1065 3492 1134 3537 non
1150 3469 1263 3537 forent

151 3572 247 3641 multi
265 3573 393 3646 nefarii.
445 3572 569 3663 Atqui,
596 3573 757 3664 quianon
777 3583 884 3642 exstat
898 3575 953 3642 lex
966 3573 1041 3661 illa,
1068 3581 1144 3640 sunt
1157 3574 1262 3639 multi.

151 3675 270 3765 ltaque
282 3677 478 3768 oppositum
491 3686 562 3762 est,
588 3671 670 3749 ἀλλ’
684 3678 763 3751 ἔστι
777 3670 880 3751 πολύ.
932 3676 1006 3743 11111
1027 3676 1126 3744 facile
1140 3675 1264 3742 intelll-

152 3788 270 3871 getur,
304 3803 363 3847 cur
388 3804 429 3848 ea
449 3780 661 3871 potissimum
680 3779 803 3869 verba,
837 3803 926 3871 quae
950 3781 1006 3847 vel
1031 3779 1264 3847 necessitatem

152 3884 301 3973 aliquam
328 3885 534 3974 significant,
574 3891 612 3951 ut
640 3880 777 3979 ὤφελε,
812 3884 940 3982 ἐχρῆν,
971 3883 1064 3971 ἔδει,
1097 3884 1263 3980 προςῆιιο,

152 3988 207 4054 vel
222 3986 414 4055 libertatern
435 3986 600 4074 faciendi,
625 3997 663 4055 ut
685 3986 781 4083 ἐξῆν,
810 3987 893 4084 ἐνῆν
900 4034 915 4065 ‚
934 3984 990 4054 vel
1009 3986 1183 4054 veritatem
1204 3986 1264 4073 rei,

152 4085 271 4185 111ἤν,
299 4091 464 4181 ἔμελλεν,
490 4091 684 4185 saepissime
699 4099 834 4158 careant
854 4089 1039 4183 particulae
1061 4089 1262 4158 accessione.

153 4193 242 4260 Nam
259 4217 347 4282 quae
369 4196 443 4264 fieri
459 4204 612 4287 oportet,
645 4195 700 4264 vel
722 4194 820 4284 licet,
846 4193 901 4264 vel
924 4201 1108 4283 quaesunt
1132 4201 1191 4260 aut
1211 4192 1263 4259 fu·

153 4303 229 4363 tura
250 4307 344 4386 sunt,
376 4300 580 4392 plerumque
601 4298 797 4392 simpliciter
819 4300 994 4371 veritatem
1013 4299 1064 4367 rei
1084 4295 1264 4381 continent,
