2842 4920
400 336 700 406 IncRqumlvM
715 341 827 402 Llllllll
847 341 1005 409 PRIMVS.
1135 421 1137 425 ¹
1188 349 1254 414 808

150 534 251 625 longe
281 555 302 598 a
327 531 408 601 sede
434 531 576 600 nominis
603 530 655 598 sui
686 531 740 601 vel
772 530 977 622 pronominis
1004 542 1250 623 removeantur,

149 658 314 726 nusquam
354 658 422 703 non
459 642 572 727 potest
607 656 649 702 ex
682 633 782 702 totius
817 634 973 703 orationis
1008 638 1250 728 compositione

149 739 310 832 pendere.
367 738 415 805 Et
444 736 503 805 hic
535 737 672 826 quidem
705 743 798 826 οἵτε,
833 738 912 826 quia
939 761 1004 828 per
1030 740 1249 833 significatio-

149 867 226 911 nem
253 865 347 912 snam
373 864 441 909 non
465 849 581 933 potest
605 840 650 909 ad
671 838 785 936 'apim
821 840 883 910 sed
911 840 1015 909 debet
1048 841 1093 910 ad
1123 838 1249 939 ἡρώων

149 946 287 1035 referri,
313 969 334 1013 a
362 968 418 1013 me
453 953 642 1013 correctum
674 966 747 1011 csse
779 944 815 1012 in
840 943 1055 1013 adnotatione
1080 944 1125 1013 ad
1151 949 1250 1016 istum
1325 954 1329 967 '

149 1072 284 1117 versum
314 1048 482 1116 dixeram:
515 1053 557 1118 οἵ
583 1074 621 1119 rs
647 1055 759 1115 autem
790 1069 855 1139 per
880 1049 1062 1117 sententiae
1086 1050 1251 1119 rationem

149 1152 337 1221 necessario
360 1150 415 1219 ‘ad
443 1148 529 1244 σφίν
560 1152 750 1242 pertinere,
785 1173 849 1219 nec
880 1151 1065 1243 quidquam
1095 1153 1299 1229 obscuri-22

150 1257 225 1323 tatis
252 1255 286 1322 in
318 1278 360 1322 ea
394 1254 641 1322 constructione
673 1276 765 1342 esse,
809 1277 878 1322 non
908 1255 1071 1347 putabam
1105 1254 1249 1326 demon-

151 1360 309 1427 stratione
334 1357 497 1449 indigere.
551 1357 642 1442 Quin
668 1380 710 1425 eo
731 1357 839 1426 minus
863 1359 898 1426 in
922 1359 981 1426 illa
1006 1361 1251 1429 constructione

151 1472 208 1531 aut
226 1462 300 1529 falsi
326 1461 511 1552 quidquam
533 1468 590 1528 aut
616 1460 750 1529 obscuri
775 1484 865 1548 esse,
900 1461 995 1551 quod
1021 1463 1139 1532 abesse
1165 1463 1251 1560 σφὶν

148 1565 233 1634 illud
255 1564 347 1633 salva
372 1564 533 1633 sententia
564 1573 700 1655 posset3
738 1563 890 1632 additum
923 1587 995 1632 esse
1027 1567 1116 1633 enim
1141 1590 1183 1633 ea
1206 1568 1251 1634 fi-

150 1692 253 1761 gura,
281 1690 348 1756 qua
363 1668 533 1735 Homerus
559 1667 694 1735 dixisset
718 1673 760 1739 οἵ
777 1694 843 1757 μιν
870 1663 958 1765 ἅδην
986 1662 1143 1756 ildonis,
1160 1666 1251 1743 ‘'En-

149 1796 244 1867 τορα
272 1771 494 1869 Πριαμίδην.
554 1770 660 1854 Quod
685 1779 798 1837 autem
830 1770 905 1860 ipse
934 1770 1108 1852 suaderet,
1140 1773 1177 1844 εἴ
1198 1799 1251 1864 γε,

111 1922 112 1926 =
149 1897 218 1942 non
249 1872 354 1942 modo
387 1897 408 1940 a
442 1895 596 1942 sermone
631 1873 729 1965 epico
762 1872 908 1940 alienum
945 1897 1019 1943 esse
1051 1874 1254 1958 iudicabam,

151 1977 211 2046 sed
237 1977 293 2045 hic
318 2000 363 2045 ne
383 1986 527 2069 propter
545 1978 751 2045 sententiam·
768 1975 905 2067 quidem
924 1977 1006 2045 ferri
1029 2000 1147 2069 posse,
1176 1977 1255 2067 quia
1307 2053 1311 2061 ,

150 2093 284 2174 tempus
309 2080 463 2167 indicari,
496 2103 565 2148 non
597 2080 739 2172 simplex
768 2079 949 2172 significari
973 2081 1120 2149 conditio
1145 2081 1253 2150 debe·
1408 2160 1413 2181 x

150 2193 213 2253 ret.
272 2184 377 2269 Quod
409 2184 437 2252 si
469 2183 684 2252 conditionali
715 2183 882 2274 particula
911 2183 960 2252 uti
985 2185 1144 2254 voluisset
1168 2184 1253 2254 scri·
1306 2215 1310 2220 ·

150 2297 245 2381 ptor,
273 2288 442 2356 dicturum
458 2287 647 2356 necessario
668 2287 772 2355 fuisse
789 2284 834 2384 ἢν
856 2290 1046 2384 popiciaci.

253 2396 362 2494 XXX.
398 2425 435 2494 Ρ.
455 2424 517 2497 21.
543 2423 837 2516 ‚‚Er3fnrdtins,“
859 2422 985 2513 inquit,
1011 2422 1169 2511 „milri
1136 2424 1254 2515 cigni-

139 2528 299 2625 fleant,
334 2530 388 2598 ad
416 2527 572 2596 eandem
593 2549 763 2595 nornenm
786 2523 957 2616 Antigss
943 2548 990 2593 an.
1021 2524 1255 2595 scribendum

152 2655 231 2701 esse
263 2627 319 2726 ἄρ’
341 2627 444 2704 οἶσθ
460 2628 520 2703 ὅτι
547 2623 637 2709 Ζευς
662 2657 693 2700 n.
720 2656 752 2701 τ.
781 2634 812 2701 λ.
848 2635 1010 2696 ceterum
1041 2627 1140 2698 hanc
1170 2651 1255 2698 ver-

152 2735 281 2805 borum
307 2743 539 2804 structuram
564 2733 699 2802 miram
720 2730 788 2801 sibi
817 2729 991 2800 accidere
1021 2731 1256 2803 Hermanno-

154 2863 221 2933 qne
259 2837 380 2909 videri
419 2836 564 2908 duabus
605 2861 651 2907 en
686 2833 1017 2906 constructionibus
1052 2834 1256 2932 conflatam

153 2966 241 3029 esse.
295 2943 355 3012 De
374 2942 527 3012 lectione
551 2942 589 3010 in
612 2939 829 3032 Sophocleis
855 2939 1055 3008 assentior:
1081 2941 1129 3010 de
1153 2948 1255 3011 strn-

155 3057 285 3116 ctnrne
310 3046 505 3115 insolentia
531 3068 579 3115 ac
604 3041 882 3140 nnrnonpensiq,
907 3064 979 3112 non
1003 3043 1099 3112 item.
1147 3038 1268 3129 Oion}

155 3148 215 3222 ὅτι
247 3149 285 3219 in
308 3150 502 3243 Antigona
527 3172 599 3218 non
617 3156 710 3240 puto
737 3146 843 3215 alind
868 3167 1083 3239 essequam
1106 3145 1256 3215 notioni·

138 3277 254 3322 -mam
270 3254 400 3324 ·illnm
436 3250 737 3343 creberrimoque¹
768 3272 837 3318 nsn
870 3249 1002 3319 tritam
1032 3247 1257 3344 formulam,

156 3379 266 3450 qnam
294 3357 435 3426 Graeci
460 3357 625 3450 reliquae
658 3352 818 3424 orationi
843 3354 1076 3449 παρενθέτως
1101 3353 1258 3423 interse-

155 3469 259 3545 runt,
292 3462 455 3531 iunctam
488 3460 548 3530 nic
582 3482 663 3528 cnm
690 3455 887 3550 particula
915 3451 1031 3552 tear
1082 3456 1121 3526 Si
1152 3458 1258 3527 verba

153 3565 211 3632 illa
244 3587 311 3655 pro
343 3564 574 3660 παρενθέτως
604 3563 721 3655 positis
755 3562 1003 3652 acciperentur,
1041 3560 1172 3649 reliqua
1199 3559 1258 3629 de-

155 3668 238 3736 bere
255 3669 327 3736 sola
344 3691 409 3758 per
427 3690 463 3734 se
478 3667 620 3759 intelligi
633 3688 737 3758 posse
758 3665 929 3733 dicebam:
955 3663 1048 3754 atqui
1065 3686 1134 3732 non
1147 3686 1259 3759 posse.

149 3760 214 3838 “sic
238 3773 327 3838 enim
344 3769 553 3862 Sophocles:

209 3902 256 4028 qip
257 3903 418 3980 ’clod‘
403 3934 463 3980 οτι
477 3901 568 3986 Ζευς
589 3904 662 3977 coir
678 3899 730 3976 oin
737 3899 920 3977 ΗΟιδίπου
945 3900 1062 3974 κακῶν

208 4007 338 4083 ὁποῖον
362 4009 445 4101 ου’χὶ
470 4008 542 4104 νῷν
569 4009 625 4082 ἔτι
652 4005 783 4093 ζώσαιν
808 4008 928 4094 τελεῖ,·

260 4148 386 4218 XXXI
431 4148 470 4218 P.
494 4144 555 4215 94.
596 4145 631 4212 in
652 4144 884 4211 adnotatione.
924 4139 992 4225 „E
1017 4082 1286 4213 contrariod

156 4259 303 4336 natum,
345 4250 493 4346 opinor,
537 4273 583 4319 ex
616 4248 743 4318 littera
769 4275 790 4320 n
817 4246 853 4314 in
880 4242 1058 4365 Aeschyli
1094 4243 1200 4313 Pers.
1226 4266 1260 4316 v.

159 4352 246 4426 llll.
275 4357 332 4425 ed.
361 4353 520 4426 Bruncl.
559 4353 619 4448 qni
651 4353 773 4438 locos,
814 4360 855 4420 nt
882 4347 1071 4444 primaria
1101 4346 1263 4418 Annae
