2842 4920
63 299 66 303 ⁵
164 360 231 425 ns
437 353 488 416 or
509 314 693 416 ncnsvm
711 352 934 430 vumvsovr
952 350 1012 419 ει.-

168 552 219 616 est
243 544 430 614 accuratius
457 541 672 612 considerare
698 543 855 638 exempla
879 543 953 633 illa,
985 544 1020 613 iu
1044 545 1166 635 quibus
1189 570 1276 641 pro-

165 650 307 719 ductum
333 671 406 717 esse
437 645 483 719 σίν
516 646 693 716 videbatm
718 647 905 717 Dindorfio.
965 647 1008 716 Id
1038 649 1179 738 faciam,
1214 652 1276 720 sed

165 762 296 824 mutato
321 752 440 845 ordine
467 772 526 837 eo,
552 773 622 841 quo
648 759 726 819 suut
746 751 956 820 aDiudorlio
978 764 1189 842 enumerata,
1215 755 1276 823 ad-

164 858 330 947 iectisque
348 854 479 923 duobus
494 853 582 943 aliis,
609 876 753 945 quorum
767 855 802 922 in
816 878 884 922 uno
900 877 1004 945 quum
1017 857 1081 948 ipsi
1094 856 1275 927 Dindorfio

165 959 212 1035 ἄν
224 960 429 1053 productum
437 957 610 1046 debeatur,
622 958 809 1026 autoblitus
824 959 893 1026 eius
909 981 993 1046 esse,
1005 968 1062 1027 aut
1075 983 1164 1028 nunc
1177 962 1275 1029 aliter

164 1062 209 1131 de
225 1087 267 1132 eo
283 1072 428 1132 statuere
440 1060 581 1129 videtur.
617 1061 750 1129 Etenim
766 1062 950 1154 permirum
967 1072 1030 1149 est,
1044 1063 1138 1153 quod
1148 1064 1192 1132 de
1209 1065 1275 1135 illis

165 1166 347 1235 duodecim
372 1166 534 1256 exemplis
560 1172 691 1256 septem
718 1160 782 1237 οιίκ
809 1163 855 1238 ἂν
880 1165 1025 1250 habent,
1048 1189 1193 1257 quorum
1212 1168 1275 1236 tri-

163 1270 249 1356 bus,
282 1292 370 1359 quae
404 1268 563 1336 facillime
597 1268 722 1360 corrigi
747 1269 871 1337 inserto
895 1269 1096 1362 pronomine
1120 1280 1273 1362 possunt,

162 1371 356 1443 Diodorfius
384 1373 459 1464 ipsc
489 1394 560 1441 non
593 1372 737 1440 multum
767 1373 964 1445 tribuebat*
1008 1375 1065 1444 Ab
1090 1373 1144 1442 his
1169 1376 1273 1467 igitur

163 1477 291 1546 initium
315 1476 489 1549 faciamus.

264 1630 291 1698 l.
326 1629 411 1720 (IX.
425 1628 552 1720 Dino.)
603 1628 643 1696 ln
663 1627 798 1695 Helena
817 1627 987 1721 Euripidis
1007 1628 1205 1699 Menelaum
1218 1630 1271 1697 in-

161 1742 213 1801 ter
234 1741 269 1803 et
285 1733 453 1803 Helenam
473 1732 562 1802 haec
578 1731 810 1822 disceptantur
826 1755 858 1802 v.
881 1731 993 1805 1049.

211 1887 267 1962 Μ.
603 1885 709 1982 φέρε,
736 1882 776 1957 τί
792 1880 839 1971 δ’,
866 1888 901 1958 εί
913 1884 1086 1983 κρυφθείς
1100 1878 1230 1982 δόμοις

315 2000 489 2100 κτα’νοιμ’
503 2003 644 2080 ἄνακτα
670 2004 764 2100 τῷδε
784 2000 946 2101 διστόμῳ
969 2005 1063 2102 ξίφει
1069 2033 1083 2096 ,·

210 2131 257 2204 Ε.
309 2123 374 2199 οὐκ
397 2123 442 2200 ἄν
459 2122 495 2199 ο’
510 2119 720 2216 ἀνάσχοιτ’,
748 2121 833 2199 οὐδὲ
847 2119 1025 2219 σιγήσειεν
1044 2123 1090 2198 οίν
1118 2216 1120 2221 Ι

312 2239 485 2337 μέλλοντ’
506 2237 647 2340 doctos*
667 2237 843 2336 σύγγονον
859 2249 1104 2319 κατακτενεῖν.

157 2399 217 2470 Sic
240 2420 282 2466 ex
301 2396 396 2464 Porti
420 2394 654 2464 emendatione
683 2396 820 2465 editum.
882 2397 978 2465 Libri
1001 2393 1065 2470 οὐκ
1092 2394 1139 2468 σίν
1172 2391 1268 2470 οἶνοί-

158 2497 290 2593 σχοιτ’.
343 2500 391 2570 Et
412 2500 487 2591 quis
509 2521 579 2568 uon
599 2500 771 2569 verissime
794 2500 991 2569 emendasse
1016 2501 1159 2569 Portum
1185 2522 1269 2568 cou-

157 2605 281 2674 cedat?

256 2740 300 2808 ll.
337 2737 429 2831 (Χ.)
462 2736 504 2806 ln
523 2737 673 2807 Hercule
688 2737 820 2807 furente
844 2760 950 2828 quum
967 2739 1055 2807 mori
1077 2738 1266 2808 constituis-

156 2853 207 2914 set
218 2841 404 2928 HerculeS,
429 2839 476 2908 ita
493 2840 695 2931 colloquitur
717 2864 795 2910 cum
811 2842 949 2911 Theseo
966 2865 999 2914 v.
1018 2839 1132 2910 1253.

310 2990 383 3069 οἵδ’
399 2989 503 3068 οὐδὲν
529 2990 711 3088 ω’φελοῦσί
730 2991 774 3089 μ’
789 2991 870 3069 ἀλλ’
886 2993 993 3090 Ἧρα
1011 3001 1148 3091 κρατεῖ.

209 3118 252 3190 Θ.
306 3111 371 3187 οὐκ
393 3112 439 3187 ἄν
459 3109 495 3187 ο’
511 3108 711 3205 ἀνάσχοιθ’
725 3110 855 3198 Ἑλλοίς
877 3112 1025 3213 ἀμαθίᾳ
1043 3121 1186 3190 θανεῖν.

153 3267 212 3337 Sic
234 3267 432 3354 BarnesiuS,
459 3269 758 3358 consentientibus,
785 3278 823 3339 ut
841 3269 1009 3338 Matthiae
1029 3271 1146 3338 nescio
1161 3294 1205 3337 au
1222 3293 1264 3339 ex

154 3371 379 3461 comparantis
407 3371 535 3439 silentio
557 3373 680 3459 refert,
721 3373 823 3444 codd.
849 3372 1059 3442 Florentinis.
1118 3374 1159 3441 lu
1183 3373 1262 3442 edd.

151 3482 231 3542 vett
257 3474 353 3542 abest
374 3469 421 3547 o’.
474 3475 522 3542 Et
541 3475 597 3542 hic
618 3477 754 3565 quidem
781 3478 881 3545 etiam
906 3477 1132 3544 necessarium
1157 3477 1263 3545 vide-

150 3585 205 3644 tur
230 3600 436 3670 pronomen,
460 3588 499 3647 ut
518 3579 563 3647 de
581 3581 720 3649 veritate
742 3580 982 3649 emendationis
1005 3602 1074 3649 nou
1098 3581 1139 3648 sit
1159 3579 1262 3650 dubi·
1322 3661 1323 3664 Ἴ

149 3680 301 3755 tandum.

252 3817 312 3887 Ill.
340 3817 448 3910 (XI.)
473 3819 514 3887 In
527 3816 649 3888 cadem
663 3818 780 3888 sabula
794 3841 827 3893 v.
844 3813 932 3893 185.

304 3969 454 4068 Δίρφυν
472 3968 511 4045 τ’
524 3972 667 4069 ἐρωτῶν
682 3969 707 4070 ἤ
725 3968 761 4046 o'
776 3971 910 4072 ἔθρεψ’
925 3969 1149 4068 Ἀβαντίδα,
1256 4059 1258 4062 ,

306 4087 371 4164 οὐκ
389 4088 434 4164 civ
453 4086 728 4167 σ’ἑιιαινίσειεν.

150 4242 209 4313 Sic
231 4268 309 4327 cum
329 4244 492 4313 Bamesio
518 4243 624 4315 edidit
646 4245 831 4335 Matthiae,
864 4248 988 4317 oblitus
1012 4246 1126 4316 dicere
1155 4247 1259 4316 Reis-

149 4348 243 4417 lrimu
264 4370 402 4439 quoque
432 4349 479 4417 sic
505 4350 606 4418 scribi
631 4353 780 4440 iussisse,
812 4353 847 4420 in
870 4352 948 4435 cdd.
974 4351 1120 4443 antiquis
1144 4360 1260 4421 autem
