2842 4920
197 377 261 441 sss
324 370 382 432 ns
405 362 645 431 anscnrm
666 340 959 430 rnousruno
985 366 1174 430 sorr-ro

198 585 278 648 men
298 552 413 630 nescio
436 583 479 627 an
500 556 603 646 illud,
628 581 673 627 ne
698 558 809 626 dicam
829 580 957 650 parum·
967 565 1065 649 apte,
1092 566 1184 626 certe
1206 522 1307 626 vaide

148 669 198 739 11
207 654 369 735 audacter
391 663 467 732 fieri
487 662 678 757 putandum
697 663 748 748 sit,
774 663 802 729 si
824 671 1050 753 spectatores,
1077 643 1180 750 quem
1201 661 1307 730 modo

25 780 29 788 '
76 780 81 789 ‘
199 769 245 838 cd
268 770 467 837 immensum
496 767 571 834 aevi
594 767 740 858 spatium
768 766 909 856 rupibus
935 765 1032 856 affigi
1062 774 1306 857 cognoverunt,

199 895 279 944 eum
295 871 410 965 paullo
434 879 513 964 post
531 870 665 937 liberari
679 869 790 960 longo
804 869 863 935 illo
878 869 1026 936 cruciatu
1037 866 1183 936 rideant
1210 867 1305 936 Mul-

198 989 271 1045 tum
289 977 377 1043 enim
397 975 553 1058 interest,
580 981 692 1041 utrum
705 993 792 1062 quae
806 973 934 1039 incerto
950 972 1135 1064 ignotoque
1150 980 1308 1062 tempore

199 1079 363 1150 disiuncta
384 1077 537 1160 fuerunt,
563 1098 606 1144 an
621 1098 708 1165 quae
731 1071 841 1143 multis
859 1076 977 1142 seculis
993 1073 1220 1142 disterminata
1234 1097 1308 1142 esse

199 1191 234 1250 et
260 1183 402 1249 sciamus
425 1190 458 1248 ct
485 1181 606 1247 iterum
634 1180 822 1267 iterumque
848 1178 1087 1263 audiverimus,
1129 1179 1310 1246 coniuncta

84 1307 89 1319 ·
199 1287 233 1356 in
252 1305 390 1352 scenam
412 1283 635 1374 proferantur.
687 1281 734 1349 Et
751 1282 786 1349 iu
809 1282 930 1350 Vincto
947 1279 1086 1369 quidem
1100 1281 1310 1349 Prometheo

199 1387 345 1478 spatium
363 1386 465 1471 iilud,
491 1408 603 1475 neque
622 1384 663 1452 id
680 1407 748 1452 uno
771 1384 871 1470 loco,
899 1378 1111 1476 designatum
1133 1396 1185 1451 cst
1204 1385 1309 1452 lucu-

199 1490 391 1563 lentissime.
442 1488 657 1580 lnteliigebat
686 1488 776 1555 enim·
803 1497 922 1579 poeta,
957 1488 1120 1578 temporis
1143 1486 1310 1554 diuturni-

198 1602 314 1678 tatem,
340 1595 375 1660 in
386 1614 454 1681 qua
464 1583 653 1684 praecipue
664 1601 856 1660 comeretur
870 1590 1064 1658 Promethei
1077 1612 1212 1681 poenae
1229 1613 1309 1657 cru-

175 1772 177 1776 ,
200 1695 340 1779 dehtas,
365 1696 491 1763 nuliam
507 1696 575 1762 vim
596 1694 640 1761 ad
658 1695 784 1762 animos
801 1693 985 1761 movendos
1007 1693 1220 1782 habituram,
1247 1693 1311 1760 nisi

201 1807 326 1890 quanta
347 1807 435 1865 esset
458 1799 542 1866 notis
565 1797 767 1886 quibusdam
789 1807 823 1865 ct
845 1798 941 1886 quasi
956 1799 990 1863 iu
1005 1795 1138 1864 sensum
1157 1797 1311 1864 cadenti-

84 1982 88 1988 ·
200 1903 263 1970 bus
286 1903 401 1993 spatiis
428 1901 631 1969 definiretur.
684 1900 803 1989 Itaque
824 1922 928 1989 quum
948 1898 1171 1968 Prometheus
1195 1901 1311 1990 primo

201 2006 416 2073 liberatorem
437 2028 534 2071 suum
549 2004 645 2072 tertia
663 2003 797 2070 decima
811 2003 1028 2094 generatione
1048 2025 1089 2071 ex
1101 2003 1192 2070 lonis
1210 2004 1312 2096 prole

202 2108 397 2175 exstiturum
417 2106 570 2191 dixisset,
596 2116 676 2197 post
695 2108 761 2174 alio
786 2107 864 2174 loco
880 2106 1066 2173 distinctius
1086 2106 1129 2172 ab
1146 2105 1310 2198 Epapho,

202 2232 304 2299 quem
321 2209 469 2298 paritura
489 2211 530 2276 sit
544 2210 601 2294 lo,
622 2209 773 2297 quintam
786 2210 1040 2299 generationem
1064 2209 1176 2301 Argos
1192 2231 1312 2278 rever-

200 2334 314 2380 suram
332 2311 545 2395 vaticinatur,
573 2333 615 2378 ex
633 2333 742 2400 eaque
757 2312 1114 2402 nasciturum-regium
1131 2312 1227 2403 apud
1243 2313 1313 2381 Ar·

201 2415 297 2510 givos
321 2407 448 2506 genus,
475 2437 544 2504 quo
565 2413 609 2481 de
631 2414 758 2482 semine
782 2415 942 2482 oriturum
960 2414 1055 2482 illum
1073 2415 1239 2483 audacem
1259 2403 1336 2482 ia-'

202 2519 405 2604 culatorem,
431 2541 537 2606 aquo
556 2516 648 2585 hisce
671 2541 713 2586 ex
734 2518 873 2585 vinculis
894 2540 930 2585 se
952 2519 1097 2585 solutum
1118 2520 1159 2586 iri
1177 2519 1210 2585 in
1233 2518 1311 2587 fatis

203 2623 253 2691 sit.
308 2622 358 2688 lta
373 2623 514 2689 termino
535 2642 670 2711 poenae
686 2634 766 2711 post
787 2622 907 2688 multas
924 2621 1098 2687 hominum
1114 2623 1313 2712 generatio-

203 2748 262 2794 nes
274 2725 377 2791 veluti
393 2747 456 2815 per
477 2725 636 2791 nebulam
652 2735 787 2792 ostenso
808 2733 877 2790 tam
894 2724 960 2789 alte
977 2725 1177 2815 imprimitur
1194 2727 1312 2794 animis

204 2827 412 2895 cruciatuum
434 2827 567 2893 illorum
587 2827 781 2918 longissima
805 2826 1021 2914 diuturnitas,
1047 2837 1084 2894 ut
1101 2851 1190 2919 pene
1206 2850 1313 2921 aegre

204 2930 304 2998 laturi
324 2928 522 3016 videamur,
548 2930 577 2998 si
600 2931 711 2998 subito
734 2939 785 2998 tot
804 2931 922 2998 seculis
946 2931 1040 3020 quasi
1058 2932 1144 2998 saltn
1161 2932 1312 3020 quodam

205 3032 369 3127 superatis
387 3031 433 3098 ad
446 3033 558 3126 ipsum
573 3034 707 3102 illorum
719 3035 885 3102 malorum
897 3033 1002 3101 finem
1016 3034 1237 3103 adducamur.

306 3135 370 3203 Est
389 3136 535 3226 denique
561 3139 660 3205 etiam
685 3138 826 3205 deloco
851 3136 1018 3226 quaedam
1044 3137 1219 3205 dubitatio.
1272 3139 1312 3206 Iu

205 3237 355 3308 secunda
369 3240 457 3305 enim
479 3240 594 3306 fabula
611 3240 655 3307 ad
673 3240 861 3308 Caucasum
879 3241 1054 3331 alligatum
1069 3241 1155 3332 fingi
1166 3243 1312 3310 Prome-

204 3341 323 3408 theum
342 3342 438 3408 certis
466 3343 658 3411 testimoniis
686 3352 834 3411 constat:
861 3343 895 3410 in
915 3345 1094 3436 superstite
1113 3354 1227 3412 autem
1243 3368 1312 3413 non

205 3443 315 3512 solum
329 3466 490 3532 nusquam
508 3445 632 3513 indicat
650 3455 753 3537 poeta
767 3447 802 3512 in
817 3445 970 3514 Caucaso
984 3447 1098 3514 locum
1112 3449 1208 3515 illum
1225 3471 1311 3533 esse,

205 3545 266 3617 sed
280 3545 403 3614 diserte
416 3549 516 3614 etiam
532 3550 652 3641 procul
666 3572 738 3617 esse
754 3548 907 3617 Caucaso
921 3550 955 3616 in
971 3550 1113 3639 Scythia
1127 3550 1312 3643 Europaea
1376 3611 1379 3620 .

206 3671 310 3740 quum
325 3650 358 3716 in
374 3650 540 3743 principio
559 3653 695 3720 fabulae
712 3661 745 3719 et
755 3676 786 3718 v.
802 3651 888 3726 301,
904 3653 1089 3743 significat,
1111 3663 1184 3720 tum
1201 3678 1311 3746 aper-

205 3753 270 3821 tius
287 3753 388 3821 ctiam
401 3754 517 3846 prodit
530 3778 561 3824 v.
579 3754 665 3823 422.
688 3756 746 3822 ubi
764 3755 955 3823 Caucasum
981 3757 1016 3823 in
1044 3757 1311 3826 circumiacenti·
1362 3781 1363 3784 ’

205 3855 290 3943 bus,
317 3856 379 3924 sed
403 3857 609 3947 aliquantum
629 3868 743 3926 tamen
757 3861 893 3927 remotis
914 3859 1108 3950 regionibus
1126 3872 1311 3944 memorat3

207 3959 415 4050 apertissime
435 3971 547 4030 autem
564 3985 595 4030 v.
614 3961 700 4030 718.
716 3985 784 4052 quo
798 3963 876 4030 loco
890 3964 929 4030 lo
945 3961 1058 4052 rapidi
1071 3963 1217 4033 fluminis
1232 3988 1311 4032 cur-

207 4082 281 4128 sum
296 4064 457 4154 persequi
471 4065 622 4156 iubetur,

372 4211 456 4310 πρὶν
475 4215 521 4288 ἄν
538 4211 628 4315 πρός
642 4212 757 4292 odedu
773 4204 972 4290 chuaooo
989 4213 1095 4314 μόλῃ.

207 4362 307 4475 Quae
320 4367 426 4434 verba
438 4368 506 4436 iam
516 4370 602 4439 inter
615 4371 767 4460 antiquos
780 4372 978 4461 interpretes
992 4369 1208 4438 adverterunt
1223 4392 1311 4453 eum,
