2842 4920
134 424 138 430 .
228 375 294 440 ss»
359 365 1205 432 unnnscflrnlsnounuflnosonvuo

229 561 324 629 muni
335 561 462 646 famae,
489 578 576 647 quae
590 555 823 648 longissimum
841 564 975 648 tempus
989 557 1024 624 iu
1042 557 1183 649 rupibus
1197 579 1335 650 pepen-

230 664 319 732 disse
343 659 585 731 Prometheum
614 658 821 727 tradidisset:
851 668 1032 748 utrumque
1060 661 1144 729 scite
1174 659 1336 731 devitavit

228 775 334 860 poeta
349 787 410 853 eo,
435 762 530 855 quod
552 762 597 830 dc
616 762 755 830 exitioso
773 761 844 828 lovi
861 763 1029 831 connubio
1048 762 1220 832 vaticinari
1244 766 1334 833 Pro-

231 870 421 953 metheum,
447 877 481 936 et
494 888 599 956 quum
614 864 658 932 de
679 886 721 932 eo
743 865 892 955 apertius
910 866 1025 935 dicere
1047 876 1234 952 recusaret,
1259 868 1335 961 ipsa

232 995 309 1041 cum
323 995 410 1063 rupe
425 971 458 1039 in
480 979 641 1038 tartarum
657 966 791 1036 detrudi
809 966 906 1055 fecit,
931 969 1117 1039 rediturum
1133 969 1215 1038 olinr
1229 971 1334 1039 inlu-

231 1099 306 1144 cem
329 1075 448 1144 iisdem
462 1071 574 1140 adbuc
595 1071 734 1139 vinculis
748 1073 972 1140 constrictum.
1025 1072 1077 1140 lta
1092 1073 1216 1142 iustum
1230 1075 1334 1142 linem

231 1180 362 1271 accepit
376 1176 501 1262 fabula,
526 1197 638 1264 neque
651 1183 701 1242 est
716 1173 890 1263 quodiam
904 1176 1049 1270 amplius
1066 1177 1237 1267 requirant
1252 1199 1335 1269 spe-

127 1360 130 1366 ,
231 1291 392 1349 statores:
413 1279 471 1370 qui
492 1279 554 1346 etsi
568 1276 767 1346 audiverunt
785 1278 997 1368 gravioribus
1013 1279 1095 1347 olim
1111 1280 1230 1372 poenis
1244 1279 1334 1349 affe-

231 1394 321 1451 ctum
341 1384 381 1451 iri
396 1381 654 1502 Prometheum,
679 1389 792 1448 hmen
809 1403 966 1460 eaerum
981 1382 1119 1472 quidem
1131 1405 1200 1453 nou
1214 1405 1333 1478 exspe-

231 1495 340 1574 ctant,
367 1487 446 1576 quia
461 1483 588 1555 dictum
603 1491 675 1552 erat
690 1506 721 1555 v.
736 1480 822 1551 999.
893 1491 899 1496 “

293 1631 473 1735 μακρόν
492 1635 598 1710 δὲ
544 1661 657 1733 μηιος
673 1629 925 1760 ἐκτελευτήσας
939 1631 1096 1734 χρόνου,

151 1848 154 1864 ¹
197 1757 198 1760 ’
333 1739 501 1840 ἄψοῤῥοι
516 1735 635 1837 ἥξεις
621 1765 654 1820 ες
670 1732 772 1835 φάος.

122 1949 124 1953 -
228 1896 346 1985 ltaque
373 1916 440 1961 ooo
466 1892 634 1962 debebam
657 1890 800 1960 dicere
791 1909 826 1961 ιιι
848 1890 1078 1962 dissertatione
1097 1890 1142 1960 de
1159 1853 1335 1985 compost-

228 1999 318 2067 tione
336 1996 606 2090 tetralogiarum,
631 2017 699 2064 non
715 1995 761 2062 ita
776 1994 863 2063 finiri
878 1993 1047 2080 fabulam,
1068 2003 1108 2064 ut
1124 2002 1335 2087 spectatura

229 2124 297 2169 non
320 2099 401 2188 quid
427 2122 533 2190 porro
559 2099 710 2166 futurum
737 2107 825 2166 esset
842 2099 1059 2188 requirerent.
1112 2099 1191 2167 Non
1222 2098 1334 2192 magis

229 2202 391 2270 Mercurii
409 2202 514 2269 verba
534 2202 673 2268 alteram
689 2199 839 2268 fabulam
854 2223 1085 2270 successuram
1100 2224 1173 2270 esse
1188 2199 1334 2270 demon-

131 2361 134 2369 .
229 2312 342 2376 strant.
394 2302 484 2371 Nam
502 2303 560 2372 ille
574 2302 669 2393 quod
685 2312 805 2394 rogat,
827 2324 871 2372 ne
889 2302 1089 2373 sibiiterum
1102 2304 1261 2375 veniendi
1274 2326 1334 2374 ne·

229 2407 417 2476 cessitatem
438 2405 661 2476 Pmmetheus
686 2404 824 2496 afferat,
863 2407 1094 2476 consuetudini
1114 2407 1336 2498 tribuendum

228 2511 362 2581 uidetur
387 2509 558 2578 familiaris
581 2508 752 2578 sermonis.
803 2509 947 2579 Accedit
969 2510 1063 2599 quod
1087 2511 1122 2578 in
1144 2509 1213 2580 hoc
1239 2510 1334 2580 dicto

228 2611 356 2704 aliquid
378 2612 639 2683 comminationis
663 2612 765 2701 inest,
788 2613 889 2707 quasi
913 2613 1018 2682 altera
1042 2612 1214 2707 legatione
1239 2621 1335 2683 atro-

227 2717 320 2785 ciora
351 2717 470 2803 etiam,
506 2737 609 2806 quam
630 2738 737 2802 nunc,
769 2713 1019 2786 denunciaturo.
1070 2717 1179 2786 Asin
1209 2716 1333 2787 Soluto

226 2817 433 2888 Prometheo
447 2818 476 2886 si
495 2817 610 2900 rediit,
635 2816 830 2910 paciscenffi
842 2818 957 2911 potius
971 2843 1088 2889 caussa
1101 2820 1240 2889 missum
1256 2842 1333 2891 esse

227 2921 390 2990 credibile
413 2929 473 2989 est.
525 2921 588 2989 llla
609 2931 742 3005 autem,
767 2921 862 3012 quod
890 2944 958 2991 non
987 2932 1065 3001 ante
1089 2923 1269 2997 ibernam
1292 2922 1332 2992 iri

226 3024 468 3094 Prometheum
484 3023 583 3114 dicit,
610 3047 712 3115 quam
727 3046 832 3114 quum
849 3024 931 3094 alius
945 3048 1010 3118 pro
1027 3049 1070 3096 eo
1086 3024 1171 3096 deus
1184 3027 1220 3095 iu
1234 3024 1333 3097 Orco

226 3128 339 3197 rivere
361 3130 521 3213 voluerit,
550 3128 712 3217 quodque
734 3127 812 3197 satis
833 3129 865 3197 ei
882 3128 1033 3197 dandum
1045 3152 1110 3223 pro
1130 3130 1227 3199 unes
1251 3150 1332 3198 oru-

227 3231 367 3300 ciatibus
382 3225 559 3316 indicatur,
581 3254 623 3300 ex
636 3253 679 3299 eo
694 3253 822 3322 genere
835 3241 921 3318 sunt,
941 3253 984 3301 er
994 3254 1064 3323 quo
1078 3233 1224 3326 plurima
1234 3231 1331 3326 apud

114 3328 117 3336 ⁴
225 3333 372 3426 tragicos
387 3335 605 3402 inveniuntur.
658 3334 783 3402 Amant
802 3335 890 3400 enim
904 3335 1017 3403 futura
1032 3334 1219 3405 secundum
1232 3357 1330 3404 com-

190 3521 195 3526 ·
225 3458 362 3505 manem
375 3436 513 3523 famam,
533 3437 773 3526 potissimeque
784 3458 874 3504 circa
884 3438 988 3506 finem
1000 3429 1215 3523 fabularum,
1223 3459 1330 3531 prac-

225 3537 348 3629 dicere.
399 3538 447 3605 Et
466 3538 510 3607 de
536 3539 662 3608 vicario
686 3539 824 3629 quidem
853 3541 1022 3633 aptissime
1043 3543 1092 3610 sic
1117 3550 1169 3625 cst
1189 3540 1329 3628 dictans,

225 3652 263 3712 ut
274 3641 490 3725 Prometheo,
515 3663 584 3710 uon
600 3643 747 3735 speranti
761 3665 967 3733 quemquam
987 3667 1055 3738 pro
1069 3668 1107 3714 se
1119 3644 1328 3778 moriturum,

224 3755 526 3866 admnacpocnae
540 3744 703 3838 portendi·
712 3744 896 3818 rideantur.
973 3802 977 3814 s

207 3909 209 3914 .
328 3847 474 3934 Quodsi
489 3851 532 3917 ne
547 3848 599 3918 his
616 3848 755 3940 quidem
769 3849 933 3936 efficitur,
958 3858 997 3918 ut
1010 3848 1167 3919 Solutum
1182 3823 1328 3918 Preme·

224 3951 341 4018 theum
361 3975 441 4019 cum
462 3951 583 4021 Vincta
605 3953 800 4043 copulatum
824 3952 917 4022 credi
938 3961 1114 4046 oporteat,
1140 3953 1251 4021 solunt
1268 3975 1328 4021 re·b

225 4053 406 4144 linquitur
400 4053 597 4141 scholiastae
618 4056 861 4142 testimonium,
884 4055 977 4146 quod
992 4078 1072 4124 saue
1093 4077 1135 4124 eo
1148 4056 1326 4125 xrniuunest

225 4144 524 4243 contemnendum,
548 4156 627 4249 qnia
648 4156 769 4226 hunc
759 4181 794 4227 ιιι
811 4167 885 4226 tota
904 4157 971 4228 hae
988 4180 1107 4228 caussa
1120 4159 1265 4280 unicum
1272 4167 1328 4226 ιο

174 4265 316 4344 [ostem
328 4259 504 4326 habemus.
555 4260 590 4329 ls
602 4259 648 4329 ad
661 4285 692 4331 v.
709 4259 797 4336 510.
810 4262 855 4330 ita
869 4261 1000 4331 scribit:
1027 4265 1067 4336 ds
1081 4253 1153 4356 γοῖρ
1177 4261 1232 4356 τῷ
1251 4259 1327 4357 ἑξῆς

225 4352 389 4459 δράματι
408 4354 601 4436 λύεται·”
577 4389 668 4462 οπερ
683 4359 1059 4473 ἰμφαίνιιΑἰοχόλος.
1111 4363 1241 4434 Inserta
1253 4363 1326 4432 ior·
1351 4401 1354 4409 ·
