<?xml version="1.0" encoding="UTF-8"?>
<!DOCTYPE html PUBLIC "-//W3C//DTD XHTML 1.0 Transitional//EN"
    "http://www.w3.org/TR/xhtml1/DTD/xhtml1-transitional.dtd">
<html xmlns="http://www.w3.org/1999/xhtml" xml:lang="en" lang="en">
 <head>
  <title>
</title>
<meta http-equiv="Content-Type" content="text/html;charset=utf-8" />
  <meta name='ocr-system' content='tesseract 3.04.00' />
  <meta name='ocr-capabilities' content='ocr_page ocr_carea ocr_par ocr_line ocrx_word'/>
</head>
<body>
  <div class='ocr_page' id='page_1' title='image "./opuscula00hermgoog_0248.png"; bbox 0 0 2842 4920; ppageno 0'>
   <div class='ocr_carea' id='block_1_1' title="bbox 199 363 947 435">
    <p class='ocr_par' dir='ltr' id='par_1_1' title="bbox 199 363 947 435">
     <span class='ocr_line' id='line_1_1' title="bbox 199 363 947 435; baseline -0.016 0"><span class='ocrx_word' id='word_1_1' title='bbox 199 371 264 435; x_wconf 77' lang='lat'><strong>224</strong></span> <span class='ocrx_word' id='word_1_2' title='bbox 570 363 947 427; x_wconf 77' lang='lat' dir='ltr'><strong>EMENDATmNEs</strong></span> 
     </span>
    </p>
   </div>
   <div class='ocr_carea' id='block_1_2' title="bbox 304 556 1142 651">
    <p class='ocr_par' dir='ltr' id='par_1_2' title="bbox 304 556 1142 651">
     <span class='ocr_line' id='line_1_2' title="bbox 304 556 1142 651; baseline -0.006 -22"><span class='ocrx_word' id='word_1_3' title='bbox 304 559 347 632; x_wconf 90' lang='lat' dir='ltr'><strong>V.</strong></span> <span class='ocrx_word' id='word_1_4' title='bbox 364 556 449 627; x_wconf 81' lang='lat'><strong>282.</strong></span> <span class='ocrx_word' id='word_1_5' title='bbox 476 557 572 625; x_wconf 86' lang='lat' dir='ltr'><strong>nimis</strong></span> <span class='ocrx_word' id='word_1_6' title='bbox 589 556 787 651; x_wconf 82' lang='lat' dir='ltr'><strong>languidum</strong></span> <span class='ocrx_word' id='word_1_7' title='bbox 801 566 868 645; x_wconf 89' lang='lat' dir='ltr'><strong>est,</strong></span> <span class='ocrx_word' id='word_1_8' title='bbox 894 556 988 647; x_wconf 89' lang='lat' dir='ltr'><strong>quod</strong></span> <span class='ocrx_word' id='word_1_9' title='bbox 1001 556 1142 651; x_wconf 80' lang='lat' dir='ltr'><strong>legitur,</strong></span> 
     </span>
    </p>
   </div>
   <div class='ocr_carea' id='block_1_3' title="bbox 254 703 1035 807">
    <p class='ocr_par' dir='ltr' id='par_1_3' title="bbox 254 703 1035 807">
     <span class='ocr_line' id='line_1_3' title="bbox 254 703 1035 807; baseline -0.01 -19"><span class='ocrx_word' id='word_1_10' title='bbox 254 716 362 789; x_wconf 81' lang='grc' dir='ltr'><strong><em>ἔνθεν</em></strong></span> <span class='ocrx_word' id='word_1_11' title='bbox 378 703 579 807; x_wconf 77' lang='grc' dir='ltr'><strong><em>αριστοτίων</em></strong></span> <span class='ocrx_word' id='word_1_12' title='bbox 597 704 757 805; x_wconf 76' lang='grc' dir='ltr'><strong><em>ἐμφύλια</em></strong></span> <span class='ocrx_word' id='word_1_13' title='bbox 774 704 895 783; x_wconf 85' lang='grc' dir='ltr'><strong><em>ποίντα</em></strong></span> <span class='ocrx_word' id='word_1_14' title='bbox 910 704 1035 783; x_wconf 83' lang='grc' dir='ltr'><strong><em>διοίκω.</em></strong></span> 
     </span>
    </p>
   </div>
   <div class='ocr_carea' id='block_1_4' title="bbox 125 857 1308 1265">
    <p class='ocr_par' dir='ltr' id='par_1_4' title="bbox 203 857 1307 957">
     <span class='ocr_line' id='line_1_4' title="bbox 203 857 1307 957; baseline -0.006 -19"><span class='ocrx_word' id='word_1_15' title='bbox 203 868 276 939; x_wconf 86' lang='lat' dir='ltr'><strong>Sed</strong></span> <span class='ocrx_word' id='word_1_16' title='bbox 300 889 405 957; x_wconf 88' lang='lat' dir='ltr'>quum</span> <span class='ocrx_word' id='word_1_17' title='bbox 425 888 494 933; x_wconf 89' lang='lat' dir='ltr'><strong>non</strong></span> <span class='ocrx_word' id='word_1_18' title='bbox 516 873 713 956; x_wconf 86' lang='lat' dir='ltr'><strong>corruptum</strong></span> <span class='ocrx_word' id='word_1_19' title='bbox 736 861 889 931; x_wconf 86' lang='lat' dir='ltr'><strong>videatur</strong></span> <span class='ocrx_word' id='word_1_20' title='bbox 909 857 1030 936; x_wconf 87' lang='grc' dir='ltr'><strong><em>ποίντα</em></strong></span> <span class='ocrx_word' id='word_1_21' title='bbox 1039 919 1053 952; x_wconf 87' lang='grc'><strong><em>,</em></strong></span> <span class='ocrx_word' id='word_1_22' title='bbox 1085 863 1203 933; x_wconf 84' lang='lat' dir='ltr'><strong>deesse</strong></span> <span class='ocrx_word' id='word_1_23' title='bbox 1225 887 1307 932; x_wconf 84' lang='lat' dir='ltr'><strong>ver-</strong></span> 
     </span>
    </p>

    <p class='ocr_par' dir='ltr' id='par_1_5' title="bbox 150 965 1307 1062">
     <span class='ocr_line' id='line_1_5' title="bbox 150 965 1307 1062; baseline -0.006 -20"><span class='ocrx_word' id='word_1_24' title='bbox 150 979 284 1049; x_wconf 77' lang='lat' dir='ltr'><strong>20sum</strong></span> <span class='ocrx_word' id='word_1_25' title='bbox 299 977 395 1062; x_wconf 90' lang='lat' dir='ltr'><strong>puto,</strong></span> <span class='ocrx_word' id='word_1_26' title='bbox 420 968 538 1058; x_wconf 88' lang='lat' dir='ltr'><strong>inquo</strong></span> <span class='ocrx_word' id='word_1_27' title='bbox 553 967 792 1035; x_wconf 87' lang='lat' dir='ltr'><strong>substantivum</strong></span> <span class='ocrx_word' id='word_1_28' title='bbox 809 975 896 1051; x_wconf 89' lang='lat' dir='ltr'><strong>erat,</strong></span> <span class='ocrx_word' id='word_1_29' title='bbox 922 965 1069 1050; x_wconf 82' lang='lat' dir='ltr'><strong>virtutes,</strong></span> <span class='ocrx_word' id='word_1_30' title='bbox 1094 967 1223 1057; x_wconf 86' lang='lat' dir='ltr'><strong>landes,</strong></span> <span class='ocrx_word' id='word_1_31' title='bbox 1247 969 1307 1037; x_wconf 89' lang='lat' dir='ltr'><strong>de-</strong></span> 
     </span>
    </p>

    <p class='ocr_par' dir='ltr' id='par_1_6' title="bbox 125 1069 1308 1265">
     <span class='ocr_line' id='line_1_6' title="bbox 125 1069 1308 1165; baseline -0.001 -21"><span class='ocrx_word' id='word_1_32' title='bbox 125 1100 131 1114; x_wconf 93' lang='lat'><strong>·</strong></span> <span class='ocrx_word' id='word_1_33' title='bbox 202 1099 283 1144; x_wconf 88' lang='lat' dir='ltr'><strong>cora</strong></span> <span class='ocrx_word' id='word_1_34' title='bbox 305 1072 506 1165; x_wconf 84' lang='lat' dir='ltr'><strong>significans.</strong></span> <span class='ocrx_word' id='word_1_35' title='bbox 558 1070 629 1140; x_wconf 86' lang='lat' dir='ltr'><strong>Sed</strong></span> <span class='ocrx_word' id='word_1_36' title='bbox 647 1071 797 1158; x_wconf 88' lang='lat' dir='ltr'><strong>quamvis</strong></span> <span class='ocrx_word' id='word_1_37' title='bbox 814 1069 924 1138; x_wconf 86' lang='lat' dir='ltr'><strong>multis</strong></span> <span class='ocrx_word' id='word_1_38' title='bbox 939 1070 973 1138; x_wconf 92' lang='lat' dir='ltr'><strong>in</strong></span> <span class='ocrx_word' id='word_1_39' title='bbox 993 1071 1077 1140; x_wconf 89' lang='lat' dir='ltr'><strong>locis</strong></span> <span class='ocrx_word' id='word_1_40' title='bbox 1097 1075 1252 1142; x_wconf 88' lang='lat' dir='ltr'><strong>mutilum</strong></span> <span class='ocrx_word' id='word_1_41' title='bbox 1266 1075 1308 1143; x_wconf 81' lang='lat' dir='ltr'><strong>sit</strong></span> 
     </span>
     <span class='ocr_line' id='line_1_7' title="bbox 199 1174 897 1265; baseline -0.007 -18"><span class='ocrx_word' id='word_1_42' title='bbox 199 1178 268 1247; x_wconf 92' lang='lat' dir='ltr'><strong>hoc</strong></span> <span class='ocrx_word' id='word_1_43' title='bbox 286 1198 439 1261; x_wconf 82' lang='lat' dir='ltr'><strong>carmen,</strong></span> <span class='ocrx_word' id='word_1_44' title='bbox 464 1182 578 1242; x_wconf 80' lang='lat' dir='ltr'><strong>tamen</strong></span> <span class='ocrx_word' id='word_1_45' title='bbox 591 1183 672 1265; x_wconf 90' lang='lat' dir='ltr'><strong>post</strong></span> <span class='ocrx_word' id='word_1_46' title='bbox 687 1174 751 1241; x_wconf 90' lang='lat' dir='ltr'><strong>hos</strong></span> <span class='ocrx_word' id='word_1_47' title='bbox 765 1196 897 1261; x_wconf 86' lang='lat' dir='ltr'><strong>versus,</strong></span> 
     </span>
    </p>
   </div>
   <div class='ocr_carea' id='block_1_5' title="bbox 252 1319 1204 1523">
    <p class='ocr_par' dir='ltr' id='par_1_7' title="bbox 252 1319 1204 1523">
     <span class='ocr_line' id='line_1_8' title="bbox 252 1319 1139 1451; baseline 0 -50"><span class='ocrx_word' id='word_1_48' title='bbox 252 1327 302 1404; x_wconf 75' lang='grc' dir='ltr'><strong>ὧν</strong></span> <span class='ocrx_word' id='word_1_49' title='bbox 318 1358 337 1401; x_wconf 94' lang='grc' dir='ltr'><strong><em>ο</em></strong></span> <span class='ocrx_word' id='word_1_50' title='bbox 324 1324 463 1422; x_wconf 74' lang='grc' dir='ltr'><strong>Ι““μίν</strong></span> <span class='ocrx_word' id='word_1_51' title='bbox 431 1328 616 1449; x_wconf 75' lang='grc' dir='ltr'><strong><em>ημιτίρης</em></strong></span> <span class='ocrx_word' id='word_1_52' title='bbox 632 1319 825 1421; x_wconf 78' lang='grc' dir='ltr'><em>δωμήσατο</em></span> <span class='ocrx_word' id='word_1_53' title='bbox 846 1325 967 1419; x_wconf 78' lang='grc' dir='ltr'><strong><em>τείχεα</em></strong></span> <span class='ocrx_word' id='word_1_54' title='bbox 984 1322 1139 1451; x_wconf 85' lang='grc' dir='ltr'><strong><em>ποίτρης,</em></strong></span> 
     </span>
     <span class='ocr_line' id='line_1_9' title="bbox 252 1421 1204 1523; baseline -0.005 -16"><span class='ocrx_word' id='word_1_55' title='bbox 252 1430 374 1522; x_wconf 83' lang='grc' dir='ltr'><strong><em>τείχεα</em></strong></span> <span class='ocrx_word' id='word_1_56' title='bbox 388 1423 442 1523; x_wconf 75' lang='grc' dir='ltr'><em>μή</em></span> <span class='ocrx_word' id='word_1_57' title='bbox 456 1429 661 1517; x_wconf 91' lang='grc' dir='ltr'><strong><em>πίπτοντα,</em></strong></span> <span class='ocrx_word' id='word_1_58' title='bbox 690 1421 905 1503; x_wconf 74' lang='grc' dir='ltr'><em>Ποσειδάων</em></span> <span class='ocrx_word' id='word_1_59' title='bbox 918 1459 977 1504; x_wconf 88' lang='grc' dir='ltr'><strong><em>και</em></strong></span> <span class='ocrx_word' id='word_1_60' title='bbox 969 1425 1180 1508; x_wconf 75' lang='grc' dir='ltr'><strong><em>’Ἀπόλλων</em></strong></span> <span class='ocrx_word' id='word_1_61' title='bbox 1189 1487 1204 1521; x_wconf 95' lang='grc'><strong><em>,</em></strong></span> 
     </span>
    </p>
   </div>
   <div class='ocr_carea' id='block_1_6' title="bbox 196 1582 1331 2503">
    <p class='ocr_par' dir='ltr' id='par_1_8' title="bbox 199 1582 1331 2093">
     <span class='ocr_line' id='line_1_10' title="bbox 200 1582 1307 1679; baseline -0.001 -24"><span class='ocrx_word' id='word_1_62' title='bbox 200 1589 258 1679; x_wconf 89' lang='lat' dir='ltr'><strong>qni</strong></span> <span class='ocrx_word' id='word_1_63' title='bbox 278 1584 406 1675; x_wconf 88' lang='lat' dir='ltr'><strong>aliquid</strong></span> <span class='ocrx_word' id='word_1_64' title='bbox 425 1583 587 1652; x_wconf 86' lang='lat' dir='ltr'><strong>excidisse</strong></span> <span class='ocrx_word' id='word_1_65' title='bbox 601 1589 739 1676; x_wconf 88' lang='lat' dir='ltr'><strong>putant</strong></span> <span class='ocrx_word' id='word_1_66' title='bbox 766 1605 807 1651; x_wconf 92' lang='lat' dir='ltr'><strong>eo</strong></span> <span class='ocrx_word' id='word_1_67' title='bbox 824 1583 947 1675; x_wconf 89' lang='lat' dir='ltr'><strong>opinor</strong></span> <span class='ocrx_word' id='word_1_68' title='bbox 966 1582 1066 1665; x_wconf 86' lang='lat' dir='ltr'><strong>moti,</strong></span> <span class='ocrx_word' id='word_1_69' title='bbox 1093 1584 1188 1675; x_wconf 94' lang='lat' dir='ltr'><strong>qnod</strong></span> <span class='ocrx_word' id='word_1_70' title='bbox 1199 1608 1307 1675; x_wconf 89' lang='lat' dir='ltr'><strong>quum</strong></span> 
     </span>
     <span class='ocr_line' id='line_1_11' title="bbox 201 1685 1331 1783; baseline 0.001 -26"><span class='ocrx_word' id='word_1_71' title='bbox 201 1691 224 1763; x_wconf 84' lang='grc' dir='ltr'>ὃ</span> <span class='ocrx_word' id='word_1_72' title='bbox 238 1690 307 1783; x_wconf 85' lang='grc' dir='ltr'><strong>μὲν</strong></span> <span class='ocrx_word' id='word_1_73' title='bbox 322 1688 442 1757; x_wconf 77' lang='lat' dir='ltr'><strong>dixerit</strong></span> <span class='ocrx_word' id='word_1_74' title='bbox 455 1696 571 1779; x_wconf 84' lang='lat' dir='ltr'><strong>poeta,</strong></span> <span class='ocrx_word' id='word_1_75' title='bbox 598 1686 720 1755; x_wconf 89' lang='lat' dir='ltr'><strong>deinde</strong></span> <span class='ocrx_word' id='word_1_76' title='bbox 733 1687 895 1779; x_wconf 86' lang='lat' dir='ltr'><strong>Neptuno</strong></span> <span class='ocrx_word' id='word_1_77' title='bbox 913 1685 1012 1753; x_wconf 87' lang='lat' dir='ltr'><strong>etiam</strong></span> <span class='ocrx_word' id='word_1_78' title='bbox 1028 1687 1225 1779; x_wconf 89' lang='lat' dir='ltr'><strong>Apollinem</strong></span> <span class='ocrx_word' id='word_1_79' title='bbox 1242 1690 1306 1758; x_wconf 89' lang='lat' dir='ltr'><strong>ad·</strong></span> <span class='ocrx_word' id='word_1_80' title='bbox 1327 1702 1331 1717; x_wconf 94' lang='lat'>&#39;</span> 
     </span>
     <span class='ocr_line' id='line_1_12' title="bbox 199 1789 1306 1897; baseline 0.002 -36"><span class='ocrx_word' id='word_1_81' title='bbox 199 1795 333 1897; x_wconf 84' lang='lat' dir='ltr'><strong>iungat,</strong></span> <span class='ocrx_word' id='word_1_82' title='bbox 360 1792 455 1859; x_wconf 87' lang='lat' dir='ltr'><strong>nimis</strong></span> <span class='ocrx_word' id='word_1_83' title='bbox 472 1791 597 1883; x_wconf 83' lang='lat' dir='ltr'><strong>rigidas</strong></span> <span class='ocrx_word' id='word_1_84' title='bbox 614 1790 696 1858; x_wconf 82' lang='lat' dir='ltr'><strong>milri</strong></span> <span class='ocrx_word' id='word_1_85' title='bbox 714 1790 867 1858; x_wconf 85' lang='lat' dir='ltr'><strong>videntur</strong></span> <span class='ocrx_word' id='word_1_86' title='bbox 883 1789 1019 1857; x_wconf 89' lang='lat' dir='ltr'><strong>dictioni</strong></span> <span class='ocrx_word' id='word_1_87' title='bbox 1033 1794 1189 1880; x_wconf 84' lang='lat' dir='ltr'><strong>poeticae</strong></span> <span class='ocrx_word' id='word_1_88' title='bbox 1208 1796 1306 1888; x_wconf 82' lang='lat' dir='ltr'><strong>leges</strong></span> 
     </span>
     <span class='ocr_line' id='line_1_13' title="bbox 201 1893 1329 1983; baseline -0.001 -17"><span class='ocrx_word' id='word_1_89' title='bbox 201 1899 359 1969; x_wconf 84' lang='lat' dir='ltr'><strong>scribere.</strong></span> <span class='ocrx_word' id='word_1_90' title='bbox 413 1895 451 1964; x_wconf 87' lang='lat' dir='ltr'><strong>si</strong></span> <span class='ocrx_word' id='word_1_91' title='bbox 468 1903 580 1963; x_wconf 87' lang='lat' dir='ltr'><strong>tamen</strong></span> <span class='ocrx_word' id='word_1_92' title='bbox 599 1893 727 1983; x_wconf 87' lang='lat' dir='ltr'><strong>aliquid</strong></span> <span class='ocrx_word' id='word_1_93' title='bbox 742 1893 884 1980; x_wconf 83' lang='lat' dir='ltr'><strong>excidit,</strong></span> <span class='ocrx_word' id='word_1_94' title='bbox 907 1916 976 1960; x_wconf 93' lang='lat' dir='ltr'><strong>non</strong></span> <span class='ocrx_word' id='word_1_95' title='bbox 999 1894 1063 1960; x_wconf 85' lang='lat' dir='ltr'><strong>fnit</strong></span> <span class='ocrx_word' id='word_1_96' title='bbox 1083 1896 1120 1963; x_wconf 94' lang='lat' dir='ltr'><strong>id</strong></span> <span class='ocrx_word' id='word_1_97' title='bbox 1141 1898 1252 1983; x_wconf 88' lang='lat' dir='ltr'><strong>alind,</strong></span> <span class='ocrx_word' id='word_1_98' title='bbox 1279 1899 1329 1967; x_wconf 86' lang='lat' dir='ltr'><strong>si</strong></span> 
     </span>
     <span class='ocr_line' id='line_1_14' title="bbox 200 1996 1308 2093; baseline 0 -24"><span class='ocrx_word' id='word_1_99' title='bbox 200 2000 283 2093; x_wconf 88' lang='lat' dir='ltr'><strong>quid</strong></span> <span class='ocrx_word' id='word_1_100' title='bbox 300 2023 367 2092; x_wconf 83' lang='lat' dir='ltr'><strong>ego</strong></span> <span class='ocrx_word' id='word_1_101' title='bbox 383 1996 501 2084; x_wconf 83' lang='lat' dir='ltr'><strong>video,</strong></span> <span class='ocrx_word' id='word_1_102' title='bbox 529 2020 630 2087; x_wconf 88' lang='lat' dir='ltr'><strong>qnam</strong></span> <span class='ocrx_word' id='word_1_103' title='bbox 644 2019 728 2064; x_wconf 88' lang='lat' dir='ltr'><strong>unus</strong></span> <span class='ocrx_word' id='word_1_104' title='bbox 741 2020 874 2080; x_wconf 78' lang='lat' dir='ltr'><strong>versuS‚</strong></span> <span class='ocrx_word' id='word_1_105' title='bbox 903 1998 1028 2085; x_wconf 89' lang='lat' dir='ltr'><strong>dequo</strong></span> <span class='ocrx_word' id='word_1_106' title='bbox 1051 2001 1164 2067; x_wconf 90' lang='lat' dir='ltr'><strong>nescio</strong></span> <span class='ocrx_word' id='word_1_107' title='bbox 1180 2025 1223 2068; x_wconf 88' lang='lat' dir='ltr'><strong>an</strong></span> <span class='ocrx_word' id='word_1_108' title='bbox 1244 2002 1308 2069; x_wconf 87' lang='lat' dir='ltr'><strong>ali-</strong></span> 
     </span>
    </p>

    <p class='ocr_par' dir='ltr' id='par_1_9' title="bbox 196 2097 1308 2503">
     <span class='ocr_line' id='line_1_15' title="bbox 200 2097 1307 2200; baseline -0.009 -28"><span class='ocrx_word' id='word_1_109' title='bbox 200 2103 284 2194; x_wconf 92' lang='lat' dir='ltr'><strong>quid</strong></span> <span class='ocrx_word' id='word_1_110' title='bbox 304 2101 418 2171; x_wconf 90' lang='lat' dir='ltr'><strong>indicii</strong></span> <span class='ocrx_word' id='word_1_111' title='bbox 442 2101 543 2168; x_wconf 84' lang='lat' dir='ltr'><strong>faciat</strong></span> <span class='ocrx_word' id='word_1_112' title='bbox 566 2101 734 2191; x_wconf 88' lang='lat' dir='ltr'><strong>scriptura</strong></span> <span class='ocrx_word' id='word_1_113' title='bbox 753 2099 878 2166; x_wconf 89' lang='lat' dir='ltr'><strong>codicis</strong></span> <span class='ocrx_word' id='word_1_114' title='bbox 896 2099 982 2166; x_wconf 88' lang='lat' dir='ltr'><strong>Mnt.</strong></span> <span class='ocrx_word' id='word_1_115' title='bbox 1006 2101 1062 2189; x_wconf 92' lang='lat' dir='ltr'><strong>qui</strong></span> <span class='ocrx_word' id='word_1_116' title='bbox 1082 2126 1146 2194; x_wconf 89' lang='lat' dir='ltr'><strong>pro</strong></span> <span class='ocrx_word' id='word_1_117' title='bbox 1167 2097 1222 2200; x_wconf 66' lang='grc' dir='ltr'><strong>μή</strong></span> <span class='ocrx_word' id='word_1_118' title='bbox 1241 2103 1307 2176; x_wconf 68' lang='grc' dir='ltr'><strong>πί.</strong></span> 
     </span>
     <span class='ocr_line' id='line_1_16' title="bbox 198 2200 1307 2300; baseline -0.001 -22"><span class='ocrx_word' id='word_1_119' title='bbox 198 2233 341 2278; x_wconf 86' lang='grc' dir='ltr'><strong><em>πτοντα</em></strong></span> <span class='ocrx_word' id='word_1_120' title='bbox 363 2202 500 2271; x_wconf 79' lang='lat' dir='ltr'><strong>exhibet</strong></span> <span class='ocrx_word' id='word_1_121' title='bbox 521 2200 792 2294; x_wconf 75' lang='grc' dir='ltr'><strong><em>μαρμαίροντα.</em></strong></span> <span class='ocrx_word' id='word_1_122' title='bbox 846 2200 887 2267; x_wconf 94' lang='lat' dir='ltr'><strong>ld</strong></span> <span class='ocrx_word' id='word_1_123' title='bbox 910 2201 1090 2280; x_wconf 81' lang='lat' dir='ltr'><strong>Bekkerns</strong></span> <span class='ocrx_word' id='word_1_124' title='bbox 1111 2207 1183 2273; x_wconf 92' lang='lat' dir='ltr'><strong>iure</strong></span> <span class='ocrx_word' id='word_1_125' title='bbox 1208 2217 1307 2300; x_wconf 87' lang='lat' dir='ltr'><strong>post-</strong></span> 
     </span>
     <span class='ocr_line' id='line_1_17' title="bbox 198 2303 1308 2396; baseline 0.005 -21"><span class='ocrx_word' id='word_1_126' title='bbox 198 2308 317 2375; x_wconf 89' lang='lat' dir='ltr'><strong>habuit</strong></span> <span class='ocrx_word' id='word_1_127' title='bbox 346 2304 522 2396; x_wconf 78' lang='lat' dir='ltr'><strong>vulgatae,</strong></span> <span class='ocrx_word' id='word_1_128' title='bbox 549 2326 637 2394; x_wconf 86' lang='lat' dir='ltr'><strong>qnae</strong></span> <span class='ocrx_word' id='word_1_129' title='bbox 662 2303 769 2370; x_wconf 90' lang='lat' dir='ltr'><strong>multo</strong></span> <span class='ocrx_word' id='word_1_130' title='bbox 791 2303 911 2371; x_wconf 88' lang='lat' dir='ltr'><strong>fortior</strong></span> <span class='ocrx_word' id='word_1_131' title='bbox 937 2312 996 2370; x_wconf 89' lang='lat' dir='ltr'><strong>est.</strong></span> <span class='ocrx_word' id='word_1_132' title='bbox 1051 2307 1145 2391; x_wconf 81' lang='lat' dir='ltr'><strong>Quid</strong></span> <span class='ocrx_word' id='word_1_133' title='bbox 1166 2333 1253 2380; x_wconf 88' lang='lat' dir='ltr'><strong>vero</strong></span> <span class='ocrx_word' id='word_1_134' title='bbox 1279 2310 1308 2381; x_wconf 78' lang='lat' dir='ltr'><strong>d</strong></span> 
     </span>
     <span class='ocr_line' id='line_1_18' title="bbox 196 2406 1307 2503; baseline 0.005 -23"><span class='ocrx_word' id='word_1_135' title='bbox 196 2421 310 2480; x_wconf 86' lang='lat' dir='ltr'><strong>tamen</strong></span> <span class='ocrx_word' id='word_1_136' title='bbox 332 2431 413 2478; x_wconf 87' lang='lat' dir='ltr'><strong>vera</strong></span> <span class='ocrx_word' id='word_1_137' title='bbox 433 2417 483 2476; x_wconf 91' lang='lat' dir='ltr'><strong>est</strong></span> <span class='ocrx_word' id='word_1_138' title='bbox 504 2406 628 2476; x_wconf 90' lang='lat' dir='ltr'><strong>codicis</strong></span> <span class='ocrx_word' id='word_1_139' title='bbox 650 2406 736 2475; x_wconf 87' lang='lat' dir='ltr'><strong>illins</strong></span> <span class='ocrx_word' id='word_1_140' title='bbox 760 2406 943 2499; x_wconf 88' lang='lat' dir='ltr'><strong>scriptura,</strong></span> <span class='ocrx_word' id='word_1_141' title='bbox 970 2408 1147 2480; x_wconf 86' lang='lat' dir='ltr'><strong>coniuncta</strong></span> <span class='ocrx_word' id='word_1_142' title='bbox 1168 2413 1307 2503; x_wconf 89' lang='lat' dir='ltr'><strong>quidem</strong></span> 
     </span>
    </p>
   </div>
   <div class='ocr_carea' id='block_1_7' title="bbox 249 2762 1219 2965">
    <p class='ocr_par' dir='ltr' id='par_1_10' title="bbox 249 2762 1219 2965">
     <span class='ocr_line' id='line_1_19' title="bbox 250 2762 1219 2864; baseline 0.009 -27"><span class='ocrx_word' id='word_1_143' title='bbox 250 2763 372 2853; x_wconf 77' lang='grc' dir='ltr'><strong><em>τείχεα</em></strong></span> <span class='ocrx_word' id='word_1_144' title='bbox 389 2765 675 2862; x_wconf 79' lang='grc' dir='ltr'><strong><em>μαρμαίροντα,</em></strong></span> <span class='ocrx_word' id='word_1_145' title='bbox 704 2762 919 2841; x_wconf 72' lang='grc' dir='ltr'><strong><em>Ποσειδάων</em></strong></span> <span class='ocrx_word' id='word_1_146' title='bbox 934 2768 993 2840; x_wconf 85' lang='grc' dir='ltr'><strong><em>καὶ</em></strong></span> <span class='ocrx_word' id='word_1_147' title='bbox 1009 2764 1219 2864; x_wconf 78' lang='grc' dir='ltr'><strong>Απόλλων,</strong></span> 
     </span>
     <span class='ocr_line' id='line_1_20' title="bbox 249 2868 1131 2965; baseline -0.001 -24"><span class='ocrx_word' id='word_1_148' title='bbox 249 2896 370 2958; x_wconf 83' lang='grc' dir='ltr'><strong><em>τειχοα</em></strong></span> <span class='ocrx_word' id='word_1_149' title='bbox 385 2897 436 2965; x_wconf 89' lang='grc' dir='ltr'><strong>μη</strong></span> <span class='ocrx_word' id='word_1_150' title='bbox 457 2868 638 2941; x_wconf 90' lang='grc' dir='ltr'><strong><em>πίπτοντα</em></strong></span> <span class='ocrx_word' id='word_1_151' title='bbox 692 2921 700 2937; x_wconf 93' lang='grc'><strong>.</strong></span> <span class='ocrx_word' id='word_1_152' title='bbox 753 2921 761 2938; x_wconf 93' lang='grc'><strong>.</strong></span> <span class='ocrx_word' id='word_1_153' title='bbox 815 2921 823 2938; x_wconf 93' lang='grc'><strong>.</strong></span> <span class='ocrx_word' id='word_1_154' title='bbox 876 2922 885 2938; x_wconf 91' lang='grc'><strong>.</strong></span> <span class='ocrx_word' id='word_1_155' title='bbox 939 2922 947 2938; x_wconf 94' lang='grc'><strong>.</strong></span> <span class='ocrx_word' id='word_1_156' title='bbox 1001 2924 1009 2942; x_wconf 93' lang='grc'><strong>.</strong></span> <span class='ocrx_word' id='word_1_157' title='bbox 1060 2928 1069 2944; x_wconf 92' lang='grc'><strong>.</strong></span> <span class='ocrx_word' id='word_1_158' title='bbox 1122 2924 1131 2940; x_wconf 94' lang='grc'><strong>.</strong></span> 
     </span>
    </p>
   </div>
   <div class='ocr_carea' id='block_1_8' title="bbox 198 3019 1305 3221">
    <p class='ocr_par' dir='ltr' id='par_1_11' title="bbox 198 3019 1305 3221">
     <span class='ocr_line' id='line_1_21' title="bbox 298 3019 1305 3114; baseline 0.008 -23"><span class='ocrx_word' id='word_1_159' title='bbox 298 3021 342 3094; x_wconf 98' lang='lat' dir='ltr'><strong>V.</strong></span> <span class='ocrx_word' id='word_1_160' title='bbox 368 3019 453 3094; x_wconf 83' lang='grc'><strong>295.</strong></span> <span class='ocrx_word' id='word_1_161' title='bbox 485 3024 565 3091; x_wconf 92' lang='lat' dir='ltr'><strong>Non</strong></span> <span class='ocrx_word' id='word_1_162' title='bbox 589 3045 727 3114; x_wconf 88' lang='lat' dir='ltr'><strong>prorsus</strong></span> <span class='ocrx_word' id='word_1_163' title='bbox 750 3023 912 3093; x_wconf 87' lang='lat' dir='ltr'><strong>abhorret</strong></span> <span class='ocrx_word' id='word_1_164' title='bbox 934 3023 978 3092; x_wconf 91' lang='lat' dir='ltr'><strong>ab</strong></span> <span class='ocrx_word' id='word_1_165' title='bbox 1004 3049 1067 3094; x_wconf 92' lang='lat' dir='ltr'><strong>nsn</strong></span> <span class='ocrx_word' id='word_1_166' title='bbox 1092 3025 1305 3100; x_wconf 89' lang='lat' dir='ltr'><strong>Graecorum</strong></span> 
     </span>
     <span class='ocr_line' id='line_1_22' title="bbox 198 3123 1305 3221; baseline 0.005 -23"><span class='ocrx_word' id='word_1_167' title='bbox 198 3123 271 3217; x_wconf 83' lang='grc' dir='ltr'><strong><em>καί,</em></strong></span> <span class='ocrx_word' id='word_1_168' title='bbox 294 3128 390 3217; x_wconf 89' lang='lat' dir='ltr'><strong>qnod</strong></span> <span class='ocrx_word' id='word_1_169' title='bbox 403 3127 449 3195; x_wconf 89' lang='lat' dir='ltr'><strong>ad</strong></span> <span class='ocrx_word' id='word_1_170' title='bbox 458 3135 567 3197; x_wconf 82' lang='lat' dir='ltr'><strong>totam</strong></span> <span class='ocrx_word' id='word_1_171' title='bbox 580 3129 776 3196; x_wconf 87' lang='lat' dir='ltr'><strong>sententiam</strong></span> <span class='ocrx_word' id='word_1_172' title='bbox 783 3129 959 3221; x_wconf 84' lang='lat' dir='ltr'><strong>pertineat,</strong></span> <span class='ocrx_word' id='word_1_173' title='bbox 975 3129 1176 3200; x_wconf 88' lang='lat' dir='ltr'><strong>collocatum</strong></span> <span class='ocrx_word' id='word_1_174' title='bbox 1191 3135 1305 3218; x_wconf 85' lang='lat' dir='ltr'><strong>uthic‚</strong></span> 
     </span>
    </p>
   </div>
   <div class='ocr_carea' id='block_1_9' title="bbox 249 3273 1151 3379">
    <p class='ocr_par' dir='ltr' id='par_1_12' title="bbox 249 3273 1151 3379">
     <span class='ocr_line' id='line_1_23' title="bbox 249 3273 1151 3379; baseline -0.009 -19"><span class='ocrx_word' id='word_1_175' title='bbox 249 3276 289 3376; x_wconf 69' lang='grc' dir='ltr'><strong>ἧς</strong></span> <span class='ocrx_word' id='word_1_176' title='bbox 304 3285 420 3354; x_wconf 77' lang='grc' dir='ltr'><strong><em>ἕνεκεν</em></strong></span> <span class='ocrx_word' id='word_1_177' title='bbox 436 3281 589 3375; x_wconf 77' lang='grc' dir='ltr'><strong><em>τέτληκα</em></strong></span> <span class='ocrx_word' id='word_1_178' title='bbox 604 3278 665 3351; x_wconf 87' lang='grc' dir='ltr'><strong><em>καί</em></strong></span> <span class='ocrx_word' id='word_1_179' title='bbox 682 3283 841 3372; x_wconf 82' lang='grc' dir='ltr'><strong><em>οἴδματα</em></strong></span> <span class='ocrx_word' id='word_1_180' title='bbox 857 3273 975 3354; x_wconf 85' lang='grc' dir='ltr'><strong><em>πολλοί</em></strong></span> <span class='ocrx_word' id='word_1_181' title='bbox 986 3282 1151 3379; x_wconf 75' lang='grc' dir='ltr'><strong><em>περῆσαι.</em></strong></span> 
     </span>
    </p>
   </div>
   <div class='ocr_carea' id='block_1_10' title="bbox 198 3429 1304 3836">
    <p class='ocr_par' dir='ltr' id='par_1_13' title="bbox 198 3429 1304 3836">
     <span class='ocr_line' id='line_1_24' title="bbox 199 3429 1304 3525; baseline 0.007 -24"><span class='ocrx_word' id='word_1_182' title='bbox 199 3431 273 3501; x_wconf 88' lang='lat' dir='ltr'><strong>Sed</strong></span> <span class='ocrx_word' id='word_1_183' title='bbox 287 3440 400 3500; x_wconf 88' lang='lat' dir='ltr'><strong>tamen</strong></span> <span class='ocrx_word' id='word_1_184' title='bbox 416 3433 602 3525; x_wconf 83' lang='lat' dir='ltr'><strong>elegantius</strong></span> <span class='ocrx_word' id='word_1_185' title='bbox 619 3429 671 3505; x_wconf 93' lang='grc' dir='ltr'><strong>δι</strong></span> <span class='ocrx_word' id='word_1_186' title='bbox 690 3433 850 3523; x_wconf 80' lang='grc' dir='ltr'><strong><em>οἴδματα</em></strong></span> <span class='ocrx_word' id='word_1_187' title='bbox 866 3433 1059 3525; x_wconf 79' lang='lat' dir='ltr'><strong>scripsisset</strong></span> <span class='ocrx_word' id='word_1_188' title='bbox 1111 3438 1228 3523; x_wconf 80' lang='lat' dir='ltr'>Quum</span> <span class='ocrx_word' id='word_1_189' title='bbox 1242 3463 1304 3509; x_wconf 81' lang='lat' dir='ltr'><strong>an-</strong></span> 
     </span>
     <span class='ocr_line' id='line_1_25' title="bbox 198 3535 1304 3629; baseline 0.009 -26"><span class='ocrx_word' id='word_1_190' title='bbox 198 3544 268 3604; x_wconf 90' lang='lat' dir='ltr'><strong>tem</strong></span> <span class='ocrx_word' id='word_1_191' title='bbox 279 3536 392 3604; x_wconf 93' lang='lat' dir='ltr'><strong>Nonni</strong></span> <span class='ocrx_word' id='word_1_192' title='bbox 407 3546 499 3604; x_wconf 85' lang='lat' dir='ltr'><strong>secta</strong></span> <span class='ocrx_word' id='word_1_193' title='bbox 511 3545 601 3604; x_wconf 90' lang='lat' dir='ltr'><strong>amet</strong></span> <span class='ocrx_word' id='word_1_194' title='bbox 614 3535 808 3627; x_wconf 90' lang='lat' dir='ltr'><strong>partitiones</strong></span> <span class='ocrx_word' id='word_1_195' title='bbox 820 3559 884 3628; x_wconf 90' lang='lat' dir='ltr'><strong>per</strong></span> <span class='ocrx_word' id='word_1_196' title='bbox 902 3536 971 3605; x_wconf 90' lang='lat' dir='ltr'><strong>duo</strong></span> <span class='ocrx_word' id='word_1_197' title='bbox 988 3537 1184 3629; x_wconf 65' lang='lat' dir='ltr'><strong>confectas,</strong></span> <span class='ocrx_word' id='word_1_198' title='bbox 1209 3543 1304 3613; x_wconf 86' lang='lat' dir='ltr'><strong>hand</strong></span> 
     </span>
     <span class='ocr_line' id='line_1_26' title="bbox 199 3639 1303 3732; baseline 0.01 -25"><span class='ocrx_word' id='word_1_199' title='bbox 199 3641 269 3709; x_wconf 90' lang='lat' dir='ltr'><strong>scio</strong></span> <span class='ocrx_word' id='word_1_200' title='bbox 294 3663 337 3708; x_wconf 89' lang='lat' dir='ltr'><strong>an</strong></span> <span class='ocrx_word' id='word_1_201' title='bbox 358 3639 497 3729; x_wconf 90' lang='lat' dir='ltr'><strong>perierit</strong></span> <span class='ocrx_word' id='word_1_202' title='bbox 517 3662 631 3709; x_wconf 87' lang='lat' dir='ltr'><strong>versus</strong></span> <span class='ocrx_word' id='word_1_203' title='bbox 652 3639 772 3707; x_wconf 85' lang='lat' dir='ltr'><strong>eadem</strong></span> <span class='ocrx_word' id='word_1_204' title='bbox 794 3641 943 3706; x_wconf 88' lang='lat' dir='ltr'><strong>vocula</strong></span> <span class='ocrx_word' id='word_1_205' title='bbox 934 3641 1113 3732; x_wconf 87' lang='lat' dir='ltr'><strong>mcipiens,</strong></span> <span class='ocrx_word' id='word_1_206' title='bbox 1137 3645 1205 3715; x_wconf 91' lang='lat' dir='ltr'><strong>hac</strong></span> <span class='ocrx_word' id='word_1_207' title='bbox 1226 3671 1303 3717; x_wconf 87' lang='lat' dir='ltr'><strong>sen-</strong></span> 
     </span>
     <span class='ocr_line' id='line_1_27' title="bbox 199 3731 980 3836; baseline 0.003 -26"><span class='ocrx_word' id='word_1_208' title='bbox 199 3744 320 3812; x_wconf 84' lang='lat' dir='ltr'><strong>tentia.</strong></span> <span class='ocrx_word' id='word_1_209' title='bbox 347 3752 383 3812; x_wconf 88' lang='lat' dir='ltr'><strong>et</strong></span> <span class='ocrx_word' id='word_1_210' title='bbox 402 3752 482 3813; x_wconf 84' lang='lat' dir='ltr'><strong>tam</strong></span> <span class='ocrx_word' id='word_1_211' title='bbox 496 3731 663 3812; x_wconf 76' lang='lat' dir='ltr'><strong>remotas</strong></span> <span class='ocrx_word' id='word_1_212' title='bbox 677 3742 848 3836; x_wconf 82' lang='lat' dir='ltr'><strong>regiones</strong></span> <span class='ocrx_word' id='word_1_213' title='bbox 863 3743 980 3812; x_wconf 83' lang='lat' dir='ltr'><strong>adire.</strong></span> 
     </span>
    </p>
   </div>
   <div class='ocr_carea' id='block_1_11' title="bbox 199 3895 1177 4292">
    <p class='ocr_par' dir='ltr' id='par_1_14' title="bbox 199 3895 1177 4292">
     <span class='ocr_line' id='line_1_28' title="bbox 300 3895 702 3970; baseline 0.002 -5"><span class='ocrx_word' id='word_1_214' title='bbox 300 3895 343 3970; x_wconf 93' lang='lat' dir='ltr'><strong>V.</strong></span> <span class='ocrx_word' id='word_1_215' title='bbox 361 3896 447 3966; x_wconf 71' lang='lat'><strong>297.</strong></span> <span class='ocrx_word' id='word_1_216' title='bbox 471 3897 702 3968; x_wconf 86' lang='lat' dir='ltr'><strong>scribendum:</strong></span> 
     </span>
     <span class='ocr_line' id='line_1_29' title="bbox 250 4044 1177 4148; baseline 0 -28"><span class='ocrx_word' id='word_1_217' title='bbox 250 4050 343 4142; x_wconf 85' lang='grc' dir='ltr'>ιίμι</span> <span class='ocrx_word' id='word_1_218' title='bbox 360 4044 653 4142; x_wconf 77' lang='grc' dir='ltr'><strong><em>καταισχύνειας,</em></strong></span> <span class='ocrx_word' id='word_1_219' title='bbox 680 4046 771 4148; x_wconf 75' lang='grc' dir='ltr'><strong><em>ἐμήν</em></strong></span> <span class='ocrx_word' id='word_1_220' title='bbox 786 4050 845 4124; x_wconf 89' lang='grc' dir='ltr'><strong><em>καί</em></strong></span> <span class='ocrx_word' id='word_1_221' title='bbox 857 4044 1007 4148; x_wconf 86' lang='grc' dir='ltr'>Κιίπριν</span> <span class='ocrx_word' id='word_1_222' title='bbox 1021 4051 1177 4145; x_wconf 75' lang='grc' dir='ltr'><strong><em>ἐλέγξας.</em></strong></span> 
     </span>
     <span class='ocr_line' id='line_1_30' title="bbox 199 4201 934 4292; baseline 0.004 -22"><span class='ocrx_word' id='word_1_223' title='bbox 199 4201 297 4286; x_wconf 81' lang='lat' dir='ltr'><strong>Quae</strong></span> <span class='ocrx_word' id='word_1_224' title='bbox 312 4212 515 4292; x_wconf 87' lang='lat' dir='ltr'><strong>sequuntur,</strong></span> <span class='ocrx_word' id='word_1_225' title='bbox 539 4204 586 4271; x_wconf 81' lang='lat' dir='ltr'><strong>ita</strong></span> <span class='ocrx_word' id='word_1_226' title='bbox 603 4204 827 4272; x_wconf 88' lang='lat' dir='ltr'><strong>continuanda</strong></span> <span class='ocrx_word' id='word_1_227' title='bbox 841 4213 934 4273; x_wconf 88' lang='lat' dir='ltr'><strong>sunt:</strong></span> 
     </span>
    </p>
   </div>
   <div class='ocr_carea' id='block_1_12' title="bbox 252 4350 1184 4455">
    <p class='ocr_par' dir='ltr' id='par_1_15' title="bbox 252 4350 1184 4455">
     <span class='ocr_line' id='line_1_31' title="bbox 252 4350 1184 4455; baseline 0 -25"><span class='ocrx_word' id='word_1_228' title='bbox 252 4350 315 4430; x_wconf 77' lang='grc' dir='ltr'><strong>οὐκ</strong></span> <span class='ocrx_word' id='word_1_229' title='bbox 334 4357 436 4453; x_wconf 78' lang='grc' dir='ltr'><strong><em>ἐρέω·</em></strong></span> <span class='ocrx_word' id='word_1_230' title='bbox 462 4354 553 4431; x_wconf 81' lang='grc' dir='ltr'><strong><em>τίδὲ</em></strong></span> <span class='ocrx_word' id='word_1_231' title='bbox 567 4351 700 4432; x_wconf 89' lang='grc' dir='ltr'><strong><em>τόσσον</em></strong></span> <span class='ocrx_word' id='word_1_232' title='bbox 716 4358 956 4455; x_wconf 77' lang='grc' dir='ltr'><strong><em>ἐπισταμένην</em></strong></span> <span class='ocrx_word' id='word_1_233' title='bbox 974 4384 1014 4431; x_wconf 87' lang='grc' dir='ltr'><strong>σι</strong></span> <span class='ocrx_word' id='word_1_234' title='bbox 1032 4351 1162 4440; x_wconf 77' lang='grc' dir='ltr'><strong><em>διδοίξω</em></strong></span> <span class='ocrx_word' id='word_1_235' title='bbox 1170 4411 1184 4446; x_wconf 90' lang='grc'><strong><em>,</em></strong></span> 
     </span>
    </p>
   </div>
   <div class='ocr_carea' id='block_1_13' title="bbox 0 0 1426 4920">
    <p class='ocr_par' dir='ltr' id='par_1_16' title="bbox 0 0 1426 4920">
     <span class='ocr_line' id='line_1_32' title="bbox 0 0 1426 4920; baseline 0 0"><span class='ocrx_word' id='word_1_236' title='bbox 0 0 1426 4920; x_wconf 95' lang='lat' dir='ltr'><strong> </strong></span> 
     </span>
    </p>
   </div>
  </div>
 </body>
</html>
