2842 4920
153 368 197 433 ³2
488 363 545 427 DE
582 361 852 427 Pluulcvuu
874 358 920 429 ίίν

155 586 233 631 cans
260 583 358 631 usum
387 557 525 628 Pindari
543 557 635 653 ε’ρέει
664 558 853 650 requirere,
876 559 922 633 οἷν
947 559 1126 629 delendum
1150 569 1257 652 putat.

154 668 200 736 At
214 665 281 733 hoc
298 665 354 734 vix
369 662 558 731 addiderint
576 664 716 748 librarii,
744 688 829 753 quos
852 665 1041 733 credibilius
1064 674 1114 733 est
1134 665 1189 745 τίς
1205 667 1260 732 in-

154 771 304 838 seruisse.
356 769 455 837 Patet
472 788 571 850 vero,
598 766 643 840 άν
661 791 730 835 non
744 768 788 835 ad
803 770 960 856 verbum,
986 769 1047 837 sed
1062 768 1106 835 ad
1119 769 1259 859 partici-

153 874 250 964 pium
264 871 480 941 referendum
496 893 579 937 esse.
632 870 704 939 Sed
722 872 815 960 quod
835 873 927 965 apud
948 873 1105 942 eumdem
1120 882 1261 962 poetam

154 976 268 1045 lsthm.
286 975 327 1043 V.
350 971 410 1042 54.
436 972 630 1041 Boeckhius
655 976 754 1042 scribi
773 978 862 1061 vult,
890 972 1073 1071 εἰρήσεταί
1090 969 1142 1068 ποί
1162 980 1198 1046 κ’
1221 980 1260 1049 ἐν

153 1077 379 1172 βραχίστοις,
405 1086 443 1144 ut
458 1072 493 1148 κ’
511 1081 549 1149 ἑν
567 1076 607 1143 sit
618 1100 682 1168 pro
699 1106 737 1150 κε
754 1083 805 1168 ἐν,
831 1080 868 1147 id
884 1082 939 1147 vel
952 1088 1094 1171 propter
1109 1079 1260 1146 colloca-

153 1184 279 1250 tionem
301 1181 438 1248 istarum
462 1180 701 1270 particularum
722 1181 847 1251 Graeci
866 1183 1025 1253 sermonis
1047 1182 1132 1248 ratio
1152 1204 1260 1274 repu-

155 1285 234 1352 diat
261 1284 483 1374 Thucydides
501 1283 543 1351 ll.
566 1282 628 1351 8⁰.
647 1286 718 1357 τοῦ
732 1282 769 1357 δ’
787 1287 906 1359 αὐτοῦ
920 1288 1050 1413 θέρους
1057 1340 1071 1373 ,
1100 1280 1144 1356 οὐ
1165 1290 1260 1356 πολ-

155 1384 241 1481 λῳ”
218 1413 371 1481 υστερον
386 1380 544 1464 τούτων,
568 1381 852 1484 Αμπρακιοῖται
873 1416 932 1459 και
925 1380 1102 1476 Χάονες,
1129 1382 1261 1478 βουλό·

153 1517 261 1619 μενοι
282 1487 529 1584 Ακαρνανίαν
555 1491 676 1562 πάσαν
704 1492 1035 1585 καταοτρεψασθαι
1056 1489 1116 1561 καί
1136 1485 1261 1612 Αθη-

154 1592 265 1665 ναίων
280 1590 501 1686 άποστήσαι,
528 1591 700 1669 πείθουσι
710 1593 1023 1688 Λακεδαιμονίους
1034 1584 1203 1665 ναυτικόν
1218 1621 1260 1665 το

153 1689 547 1792 παρασκευάσασθαι
529 1724 566 1769 εκ
584 1697 647 1793 τῆς
680 1697 920 1790 ξυμμαχίδος,
948 1696 1008 1767 καί
1033 1694 1181 1774 ὁπλίτας
1198 1723 1260 1786 χι-

152 1800 250 1878 λίους
268 1800 414 1890 πέμψαι
440 1803 473 1878 ἐς
494 1794 764 1885 Auupouru'uv,
799 1796 1002 1892 λε’χοντες’
980 1826 1060 1887 οτι,
1087 1798 1131 1893 ἤν
1154 1796 1261 1872 ναυσί

31 1925 36 1936 ’
153 1928 213 1972 και
206 1901 321 1993 πεζῷ
341 1898 420 1990 ἅμα
438 1894 536 1992 μετά
550 1900 650 1992 σφῶν
666 1902 814 1989 ε’λθωσι,
842 1896 1069 1973 άδυνάτων”
1047 1930 1162 1974 οντων
1176 1911 1261 1992 ξυμ

154 2009 306 2100 βοηθεῖν
339 2030 413 2074 των
446 1994 521 2073 οἷπο
548 1995 731 2099 θαλάσσης
759 1998 1013 2095 Ἀκαρνάνων,
1055 2004 1239 2100 ρᾳδίως
1214 2031 1261 2078 αν

154 2102 402 2233 Ακαρνανίριν
425 2097 572 2193 σχόντες
595 2104 736 2198 καὶτῆς
760 2104 957 2177 Ζακύνθου
981 2106 1041 2176 καί
1062 2110 1261 2223 Κεφαλλη-

154 2206 232 2288 νίας
252 2201 494 2303 κρατήσουσι,
520 2206 614 2278 καίο
607 2203 830 2330 περίπλους
855 2203 977 2280 οὐκέτι
998 2209 1119 2280 ἔσοιτο
1136 2203 1261 2332 Αθή-

27 2369 33 2376 .
155 2310 270 2390 ναίοις
296 2307 423 2401 ὁμοῖος
445 2307 527 2404 περί
556 2305 848 2404 Πελοπόννησον
899 2311 1058 2377 Nonnulli
1084 2309 1185 2377 codd.
1214 2310 1260 2381 civ

153 2415 326 2494 omittuut3
352 2414 405 2480 alii
422 2412 549 2493 habeut
570 2405 784 2506 κρατήσωσι
836 2413 929 2481 Nihil
943 2436 1025 2481 vero
1046 2414 1120 2481 vitii
1129 2414 1165 2479 iu
1182 2414 1261 2479 vul-

152 2529 242 2611 gata.
295 2517 471 2608 Nempe
446 2539 473 2584 sr
492 2516 672 2607 separatim
695 2516 826 2607 singula
840 2518 1007 2608 posuisset
1025 2516 1260 2606 Thucydides,

152 2623 199 2688 ita
220 2621 421 2712 scripsissetz
449 2618 509 2692 ὅτι
535 2617 665 2715 ῥᾳδίως
686 2617 732 2690 civ
754 2615 998 2715 Ἀκαρνανίαν
1026 2626 1166 2709 σχοῖεν,
1200 2620 1261 2691 καί

153 2723 217 2817 τῆς
232 2721 427 2795 Ζακύνθου
442 2720 769 2815 καὶ-Κεφαλληνίας
786 2717 1038 2816 κρατήσουσιν.
1077 2723 1132 2789 Εο
1146 2722 1262 2790 differt

153 2826 251 2894 huius
266 2826 333 2891 loci
346 2825 506 2893 sententia
520 2825 563 2891 ab
579 2824 675 2891 s3mili
689 2824 744 2892 vl.
768 2824 828 2893 33.
845 2820 1052 2916 ἡγούμενοι,
1081 2827 1116 2896 εἰ
1122 2821 1260 2923 ταύτην

154 2935 287 3019 σχοῖεν,
314 2927 443 3024 ρᾳδίως
463 2956 520 2999 και
514 2926 656 2998 τάλλα
680 2932 780 3009 ἕξειν.
833 2928 997 2996 leocrates
1017 2928 1062 2995 ad
1081 2929 1258 3001 Demouic.

154 3028 190 3127 §.
208 3029 268 3100 25.
284 3056 319 3125 p.
335 3028 369 3099 8.
384 3031 495 3122 Laug.
511 3031 634 3121 vulgo.
661 3027 851 3103 ουτωδ’
826 3058 872 3103 αν
891 3029 1026 3159 άριστα
1043 3024 1167 3154 χρήσει
1184 3037 1261 3110 τοῖς

155 3133 325 3256 φίλοις,
311 3128 374 3208 εοῖν
394 3126 448 3252 μή
463 3160 655 3230 περιμενης
667 3159 732 3212 τας
745 3129 835 3229 παρ’
845 3134 991 3206 εκείνων
1006 3128 1150 3230 δεήσεις,
1177 3128 1259 3205 ἀλλ’

154 3232 372 3329 αὐτάγγελος
401 3232 525 3315 αὐτοῖς
552 3240 590 3306 ἐν
621 3241 696 3313 τοῖς
718 3241 857 3326 καιροῖς
883 3236 1031 3331 βοήθῇς.
1083 3235 1179 3319 lure,
1220 3245 1258 3304 ut

151 3340 234 3409 mihi
254 3340 404 3424 videtur,
428 3337 519 3405 hauc
543 3335 742 3455 scripturam
765 3338 889 3428 probat
909 3339 1092 3408 Werferus
1146 3337 1257 3409 codd.
1301 3378 1303 3387 <

152 3443 290 3532 quidam
313 3436 547 3531 omittuntur,
569 3440 678 3523 alii,
670 3462 702 3505 ru
721 3439 826 3528 iisque
844 3439 1003 3530 VrbiuaS‚
1027 3443 1127 3509 etiam
1148 3463 1258 3533 copu-

152 3545 243 3637 lam,
271 3541 384 3623 οὕτως
407 3541 541 3638 άριστα
566 3541 770 3614 exhibentes.
823 3543 915 3627 Quid
940 3545 980 3611 sit
1000 3545 1083 3612 illud
1106 3542 1201 3617 οὕτω
1221 3540 1259 3618 δ’

154 3646 220 3739 ἄν,
246 3648 428 3738 intelligas,
454 3646 513 3712 ubi
534 3646 636 3736 plene
660 3645 802 3731 dixeris,
830 3643 1023 3720 odrod'*
999 3676 1044 3720 αν
1062 3641 1257 3742 χροίμενος,

153 3749 289 3846 ἄριστα
312 3748 448 3868 χρήσει.
497 3748 681 3818 Aeschines
700 3749 744 3815 de
766 3749 850 3817 falsa
873 3749 940 3841 leg.
968 3745 1003 3845 §.
1029 3750 1088 3818 11.
1112 3774 1146 3840 p.
1170 3748 1258 3818 196.

152 3854 270 3924 Reisk.
290 3851 383 3925 οὕτω
397 3843 470 3974 χοίρ
492 3852 538 3923 ἄν
550 3845 710 3943 μάλιστα
723 3845 959 3947 μεμνήσομαι
973 3881 1031 3923 και
1023 3846 1258 3944 δυνήσομαι

153 3959 280 4046 ειπεῖν,
307 3956 366 4026 καί
384 3953 484 4048 υμεῑς
499 3948 728 4050 μαθήσεσθε.
768 3952 872 4039 Quod
886 3955 967 4044 quid
981 3956 1071 4023 aliud
1085 3965 1135 4022 est
1156 3978 1259 4045 quam

152 4057 248 4131 οὕτω
266 4052 334 4155 χείρ
351 4059 396 4130 oio
413 4054 558 4129 notor?
572 4057 644 4125 Sed
656 4056 712 4124 hic
726 4081 863 4147 quoque
879 4058 979 4135 codd.
994 4059 1141 4126 nonnulli
1157 4060 1258 4126 omit-

152 4171 227 4230 tunt
243 4161 297 4233 civ.
352 4162 478 4230 Contra
502 4161 595 4251 apud
611 4160 748 4228 Luciau.
770 4161 857 4228 Dial.
880 4171 976 4229 mort.
997 4163 1089 4232 Xlll.
1108 4159 1143 4229 6.
1167 4162 1210 4230 Τ.
1229 4163 1257 4229 l.

152 4289 187 4358 p.
203 4264 288 4333 394.
306 4273 339 4332 et
362 4265 406 4332 de
423 4266 565 4336 calumn.
581 4287 650 4353 nou
665 4272 792 4331 temere
811 4265 902 4332 cred.
919 4263 952 4334 6.
969 4265 1011 4332 Τ.
1028 4265 1087 4332 lll.
1110 4288 1145 4355 p.
1170 4263 1260 4344 133„

57 4386 59 4394 '
150 4370 184 4439 in
199 4369 266 4440 hac
277 4370 446 4437 locutione
458 4390 523 4461 pro
540 4368 655 4453 futuro
668 4368 853 4460 optativum
867 4369 1096 4461 praebuerunt
1110 4367 1256 4436 codices.
