2842 4920
475 332 786 439 coiirui.
1027 390 1032 401 ·
1123 379 1190 443 att

182 570 224 640 V.
241 563 330 639 254.
356 589 463 658 quum
482 561 646 666 θαλερὼ
657 591 724 662 pro
746 569 915 667 θαλεροῖι
929 568 1097 663 praebeat
1112 567 1187 638 cod

87 673 168 744 llut
183 673 329 743 maxime
345 672 491 764 simplex
504 673 625 764 opinor
638 673 828 742 emendatio
842 675 1044 766 praestabit,

13 825 14 829 ’
130 825 192 900 sci
207 817 383 917 θαλάμου
400 818 657 924 προπάροιθεν
673 820 896 902 ὀπιπεύουσα
912 819 1072 923 θυρσίων.

180 978 223 1048 V.
241 976 329 1046 258.
358 977 453 1046 Nihil
469 981 618 1070 suspecti
633 981 775 1050 haberet
790 981 847 1051 lric
865 983 977 1068 locus,
1006 981 1034 1048 si
1049 981 1187 1072 legere-

82 1094 133 1152 tiir
147 1081 280 1155 ἄλλοτε
294 1083 373 1172 μεύ.
414 1081 520 1166 Quod
535 1084 612 1151 libri
625 1108 742 1154 omnes
754 1086 882 1153 habent
897 1082 1028 1157 ἄλλοτε
1045 1077 1100 1180 δή,
1124 1106 1186 1150 ve-

81 1209 156 1254 reor
178 1209 222 1253 ne
243 1184 460 1253 scribendum
482 1186 525 1254 sit
545 1185 675 1262 ἄλλοτε
690 1191 751 1278 δέ,
777 1188 965 1258 exciderint
983 1195 1097 1255 autem
1123 1187 1186 1253 ali-

81 1299 163 1380 quot
178 1310 312 1375 versns,
336 1288 505 1379 inquibus
519 1289 663 1360 fortasse
685 1314 763 1360 cuiu
778 1289 938 1385 Apolline
960 1290 1185 1383 comparaba-

79 1403 133 1461 tur
154 1391 270 1478 Paris,
303 1392 417 1460 omissi
438 1392 486 1459 illi
510 1416 576 1485 per
595 1394 854 1488 negligentiam,
886 1395 1062 1463 aberrante
1086 1394 1186 1461 oculo

79 1497 125 1565 ad
150 1493 283 1568 ἄλλοτε
313 1495 352 1569 δὲ
380 1496 425 1562 ali
452 1492 584 1570 ἄλλοτε
614 1501 701 1593 μέν,
734 1498 828 1589 quod
857 1498 1013 1590 superius
1038 1497 1186 1590 positum

78 1599 238 1693 neglexit.

182 1700 226 1774 V.
239 1697 326 1770 264.
353 1699 579 1771 Scribendum
596 1702 730 1772 videtur
751 1701 809 1777 ost
827 1702 997 1800 ξυνοχῇσι
1016 1696 1199 1800 καρήνου.-

77 1807 132 1876 Ita
144 1804 265 1896 capitis
281 1826 360 1872 cum
373 1807 505 1874 cervice
518 1808 705 1877 iuncturam
721 1807 882 1900 appellat

182 1909 224 1981 V.
241 1904 327 1975 266.
353 1907 480 1977 Veram
502 1935 574 1980 esse
593 1921 678 2004 puto
697 1913 861 1982 librorum
875 1910 1096 2004 scripturam,
1123 1907 1187 1978 sed

77 2012 254 2081 malimita
268 2011 443 2104 distingui.

131 2155 243 2235 ξεῖνε,
269 2141 388 2222 πόθει
403 2149 565 2232 τελέθεις
581 2143 714 2251 ε’ραπδυ
729 2149 830 2244 γένος
838 2177 852 2242 ,·
881 2150 958 2224 εἰπὲ
976 2149 1037 2223 καὶ
1053 2145 1153 2247 ἡμῖν.
1276 2220 1280 2229 ,

77 2303 142 2373 usi
159 2327 201 2373 ea
214 2301 417 2372 blandientis
433 2304 559 2392 oratio,
586 2306 729 2374 similem
742 2304 812 2373 vim
826 2304 978 2396 habens,
1003 2312 1041 2372 ut
1055 2304 1189 2374 Home-

77 2409 188 2477 ricum
200 2406 302 2491 illud,
328 2412 389 2478 ἴυα
405 2408 549 2498 εἴδομεν
564 2405 688 2502 ἄμφω.

182 2511 326 2578 Versum
349 2506 434 2577 269.
463 2512 520 2599 qui
546 2534 566 2578 e
588 2512 667 2579 cod.
689 2510 777 2579 Mut.
805 2510 964 2595 accessit,
994 2531 1099 2598 quum
1120 2531 1189 2578 uon

79 2613 296 2682 commodam
312 2611 429 2681 sedem
446 2621 562 2682 tenere
585 2614 866 2682 animadverteret
885 2613 1049 2699 lulianus,
1075 2612 1190 2703 posuit

78 2741 159 2786 eum
174 2726 251 2785 autc
263 2740 295 2786 v.
312 2713 398 2784 268.
431 2717 478 2784 At
498 2741 541 2786 nc
563 2719 610 2787 sic
633 2718 771 2809 quidem
785 2717 974 2811 elegantiae
994 2716 1186 2788 consulitur.

78 2820 171 2888 Mihi
186 2817 364 2912 ponendus
380 2819 513 2888 videtur
528 2831 650 2893 antei.
669 2820 757 2899 273.
783 2844 853 2913 quo
867 2823 946 2892 loco
962 2844 1041 2891 euni
1063 2820 1136 2914 legi
1154 2827 1190 2888 et
1228 2856 1232 2863 ·
1323 2853 1329 2862 *

78 2947 134 2993 res
149 2931 185 2991 et
196 2924 302 2992 verba
314 2923 497 3015 postulant.

184 3044 226 3111 V.
242 3040 328 3115 276.

131 3186 218 3255 τοῖα
237 3175 361 3277 Πάριν
377 3179 566 3253 ποθέουσα
582 3170 776 3274 λιγύθροος
787 3177 911 3251 εὐυεπε
927 3169 1062 3276 νύμφη.

79 3335 179 3404 Haec
203 3334 279 3404 cod.
298 3334 386 3403 Mut.
412 3334 579 3425 scriptura
599 3333 736 3401 minime
761 3333 877 3425 inepta
895 3331 1063 3401 videbitur
1082 3352 1187 3424 repu-

79 3440 164 3507 tanti
190 3431 314 3534 Παριυ
337 3460 406 3507 non
435 3459 513 3504 cum
536 3439 748 3525 ποθέουσα,
775 3437 838 3504 sed
852 3460 931 3504 cum
953 3437 1076 3510 ἔυυεπε
1101 3458 1186 3503 con·
1328 3446 1332 3455 ’

78 3541 290 3637 iungendum
307 3563 398 3626 esse,
425 3563 494 3631 quo
516 3540 737 3612 modoetiam
752 3541 922 3611 Homerus
939 3535 1016 3613 εἷπε
1030 3563 1109 3610 cum
1127 3562 1187 3606 ac-

81 3645 231 3715 cusativo
247 3643 437 3712 construxit.

184 3780 226 3853 V.
241 3778 328 3851 2Ί8.
355 3781 570 3850 scribendum
583 3791 687 3871 puto,

134 3921 172 3992 εἴ
182 3913 269 3992 τινα
286 3945 357 3991 που
379 3917 534 4015 Φρυγίης
551 3917 607 3991 ε’πὶ
623 3917 770 4013 πείρασι
786 3922 893 4009 yorinu
910 3909 1083 4016 αἰιούεις.Ι

81 4071 190 4158 Quod
205 4072 281 4141 libri
303 4072 432 4166 halicnt
448 4069 521 4155 ἔνι’,
547 4072 574 4138 si
586 4093 688 4162 quein
707 4092 774 4164 ego
791 4092 924 4138 sensum
940 4070 1061 4138 harum
1074 4091 1188 4137 rerum

79 4173 207 4262 habeo,
232 4176 299 4243 liac
315 4176 349 4242 iii
372 4175 453 4243 sede
474 4198 589 4243 versus
606 4179 644 4247 ἐν
660 4174 797 4254 dixisset
809 4182 925 4267 poeta.
978 4174 1088 4263 ldquc
1106 4172 1189 4241 red·
1230 4180 1231 4183 ’

82 4278 233 4347 dendum
247 4279 398 4349 existimo
412 4278 512 4348 etiam
521 4278 667 4346 Musaeo
688 4301 719 4346 v.
735 4276 795 4344 81.
818 4276 911 4369 apud
924 4301 1027 4368 quem
1040 4300 1072 4348 v.
1099 4268 1186 4348 271.

81 4383 259 4453 meliorem
272 4383 473 4476 scripturam
490 4381 558 4451 duo
573 4380 673 4450 codd.
687 4380 855 4475 praebent
868 4373 1121 4477 παρακάτθεο.
