2842 4920
399 391 1006 460 urnnrstrntcrtsrttot.
1194 403 1259 469 245

253 575 432 682 Δαρδοίνη
452 583 491 656 δὲ
504 581 733 657 θανοῦσαν
710 612 781 660 υπο
775 579 905 683 ξηρήν
919 586 1011 660 θέτο
1026 593 1135 680 γαῖαν

307 690 590 773 ναλλιωναιζαον
612 681 648 758 δ
660 682 774 812 ηλδον
789 683 1049 785 α’ποπρολιποίν

180 781 287 857 45”
259 813 372 916 cappo
390 793 425 871 ἐς
438 788 666 883 Κολοφοίνα·
694 783 788 883 γόων
810 786 846 864 δ’
861 787 1081 884 ἐνεπλήσατο
1094 791 1256 888 βίβλους,

306 884 405 987 ἱροίς,
432 896 469 965 ἐν
485 918 621 970 παντος
635 887 868 986 παυσάμενος
880 888 1060 986 καμάτου

253 991 438 1084 Λέσβιος
437 998 596 1075 Αλυαίος
614 995 653 1067 δὲ
665 988 807 1076 πόσους
814 992 1006 1080 ἀνεδέξατο
1024 991 1183 1091 roipert,

305 1098 487 1192 Σαπφοῦς
502 1095 716 1194 φορμίζων
702 1093 898 1195 ιμερόοντα
913 1098 1056 1189 πόθον,

234 1369 286 1435 43.
308 1367 379 1428 Veri
401 1366 584 1426 simillimum
609 1377 686 1448 puto
712 1389 793 1444 esse,
823 1370 907 1448 quod
929 1369 1098 1450 Lennepius
1120 1369 1257 1448 coniecit,

154 1460 197 1516 Σα
197 1449 328 1536 ρδιανην
341 1451 500 1531 legendum
514 1471 578 1512 esse
586 1474 650 1533 pro
667 1474 703 1512 eo
717 1417 800 1534 quoti
814 1454 889 1516 Ven.
905 1464 934 1514 et
951 1457 1038 1516 Laur.
1053 1455 1167 1516 habent
1182 1457 1256 1553 ‹lop-

153 1535 244 1620 δάμη,
266 1539 298 1597 in
314 1538 381 1598 edri
396 1547 471 1598 vett.
485 1531 691 1636 δαρδοίνην,
681 1559 713 1597 in
729 1539 792 1600 Pal.
812 1533 1120 1620 περδανηοοπίμῑυιπ.
1164 1542 1194 1600 Si
1215 1541 1256 1600 ita

152 1635 209 1700 est,
198 1624 350 1791 ,nppcio
371 1623 519 1702 synizesin
549 1633 660 1703 poeta,
696 1645 735 1683 an
756 1625 903 1684 insuetam
929 1625 1149 1705 correptionem
1168 1645 1256 1707 prae-

151 1709 254 1770 tulerit

235 1794 285 1860 44.
307 1795 383 1855 Ven.
398 1795 641 1868 καλλιωνοιϊζαον.
672 1795 761 1856 Laur.
776 1798 1021 1874 καλλιονναιζαον,
1045 1792 1152 1854 deinde
1169 1794 1256 1854 ambo

150 1881 288 1962 διῆλθεν.
333 1877 395 1937 Pal
418 1878 487 1937 edd.
511 1887 584 1943 vett.
608 1873 748 1942 καλλίον’
767 1879 853 1954 ίζαον
872 1881 984 1959 δῆθεν.
1030 1879 1134 1959 llgenii
1158 1879 1257 1941 conie-

152 1975 281 2043 cturae,
304 1966 374 2024 υλαί
375 1986 436 2038 αν,
458 1958 626 2038 αίοίζοονδ’
649 1957 765 2044 ἦλθεν,
788 1974 819 2025 et
842 1965 1073 2025 novissimorum
1106 1964 1258 2028 editorum

150 2051 270 2114 αἴλινον
292 2011 454 2154 αίαζοονδ’
472 2040 586 2128 ἦλθεν,
607 2049 705 2110 obstat
723 2069 784 2109 non
799 2050 949 2128 eleganter
966 2050 1116 2111 adiectum
1131 2051 1258 2110 alterum

149 2135 343 2219 participium
368 2129 599 2216 οίποπρολιποίν,
622 2135 705 2216 quod
721 2155 813 2214 quum
833 2137 963 2216 aliquem
983 2135 1188 2196 accusativum
1210 2155 1257 2195 re-

150 2226 272 2302 quirere
295 2218 452 2296 videatur,
480 2230 649 2320 praestaret
675 2220 758 2300 quod
777 2221 980 2283 Heinrichio
970 2244 1004 2281 in
1024 2230 1153 2281 mentem
1173 2220 1259 2280 venit
1341 2245 1345 2249 ·

148 2307 314 2369 καλλίνυον
330 2300 485 2385 ποταμόν,
508 2307 566 2366 nisi
557 2307 696 2385 longine
708 2308 745 2366 ab
760 2306 927 2368 litterarum
942 2308 1076 2386 vestigiis
1092 2307 1258 2368 recederet.

149 2393 317 2453 Permirum
336 2411 428 2459 vero,
453 2390 536 2469 quod
550 2402 667 2471 partem
683 2401 847 2490 corruptae
862 2393 1030 2472 scripturae
1046 2392 1126 2452 tueri
1139 2391 1258 2450 videtur

149 2470 338 2556 Hesychius,
368 2475 451 2555 apud
477 2496 566 2555 quem
585 2476 642 2536 hae
664 2478 790 2535 nimium
807 2488 951 2555 quantum
968 2477 1103 2537 diversae
1126 2474 1257 2535 eiusdem

152 2563 235 2624 vocis
249 2560 511 2668 interpretationes
528 2571 682 2641 prostant·
708 2555 831 2634 αίζαόν,
853 2586 910 2641 την
931 2560 1026 2659 μέσην
1044 2556 1145 2642 δ’ίραν,
1166 2569 1197 2619 et
1212 2561 1257 2621 αἰ-

150 2642 285 2726 ζοίοον,’
270 2651 350 2729 optio
365 2645 506 2747 υψηλτόν.
549 2647 697 2707 Poterunt
711 2644 787 2705 haec
807 2654 906 2705 tamen
929 2646 962 2705 in
987 2644 1181 2705 concordiam
1203 2643 1256 2703 ad-

150 2734 239 2810 duci,
262 2752 365 2812 quum,
386 2732 413 2791 si
432 2725 545 2806 οἰζὰαν
557 2742 640 2792 recte
651 2733 865 2812 interpretatus
882 2741 925 2792 est
939 2729 1169 2810 grammaticus,
1190 2729 1255 2790 veri

150 2819 248 2878 simile
262 2819 310 2894 eit,
335 2836 412 2896 quae
429 2819 467 2876 ad
478 2813 759 2900 reicitisadscripsit²
783 2818 819 2876 ab
833 2818 966 2879 librariis
980 2826 1124 2897 corrupta
1140 2835 1203 2876 esse
1217 2836 1255 2875 ex

151 2928 209 2984 την
224 2903 381 2985 μετέωρον.
424 2903 526 2963 Fuerit
547 2923 636 2982 ergo,
664 2903 688 2961 si
703 2903 790 2962 etiam
808 2903 946 2963 accentui
966 2903 1081 2983 aliquid
1100 2901 1183 2982 apud
1197 2901 1256 2960 He·

150 2987 290 3069 sychium
314 2988 510 3048 tribuendum
533 2997 593 3062 est,
623 2988 804 3046 arliectitum
823 2983 943 3063 οίζαός,
973 2990 1125 3047 excelsum
1145 2985 1255 3063 signifi-

151 3096 243 3150 cans,
272 3083 447 3152 mutatoque
470 3083 594 3131 accentu
618 3072 837 3131 substantivum
854 3072 976 3147 οίζαον,
1004 3083 1111 3131 vertex
1136 3071 1256 3141 montis,

152 3120 289 3220 similiter
304 3168 340 3218 ut
357 3179 394 3218 ex
409 3155 501 3231 αἶπος
514 3156 626 3216 dictum
642 3167 688 3217 est
701 3157 845 3236 oppidum
863 3157 1025 3216 Messeniae
1037 3151 1131 3218 Αἶπυ.
1174 3154 1257 3213 Haec
1349 3199 1350 3203 ,

152 3247 290 3326 quamvis
304 3244 436 3317 incerta,
465 3253 565 3302 tamen
587 3253 709 3303 monent
729 3263 766 3301 ne
783 3251 894 3303 temere
888 3242 1093 3341 expellamus
1111 3239 1190 3300 illud
1212 3239 1256 3301 σί-

152 3335 224 3405 ζαον
240 3352 278 3390 ex
297 3327 545 3389 Hermesianactis
563 3349 662 3392 versu.
708 3330 795 3388 Certe
815 3328 959 3435 suspicari
951 3328 1065 3403 licet,
1095 3327 1140 3386 sic
1159 3325 1195 3385 ab
1220 3347 1256 3384 eo

152 3415 300 3496 scriptum
315 3434 394 3473 esse=
420 3410 555 3494 Τμοίλιον
581 3407 733 3487 α’ίζοονδ’
750 3405 849 3492 ἦλθεν
864 3376 1100 3496 οίποπρολτποίν.
1135 3411 1257 3490 Egregie

153 3521 222 3560 curn
245 3499 293 3558 his
317 3499 480 3560 concinunt
501 3499 658 3558 Strabonis
677 3499 771 3558 verba
789 3501 841 3558 lib.
863 3501 988 3580 Xlll.p
991 3503 1093 3564 .928.
1114 3497 1146 3556 Β.
1169 3495 1256 3575 (625.

153 3584 269 3644 casaub
273 3582 490 3690 lantpertum
510 3582 544 3646 δὲ
561 3588 622 3646 τῶν
635 3583 815 3664 Σαρδίων
797 3611 813 3649 ο
838 3521 988 3666 ΤμῶλοςΡ
1003 3579 1185 3663 εοδαῑμον’
1174 3577 1257 3662 ὄρος,

153 3670 186 3734 ἐν
206 3674 245 3756 τῇ
266 3664 416 3778 οίκρωρεία
436 3665 561 3770 σκοπην
569 3669 643 3750 ἔχων
659 3668 711 3731 καί
722 3667 853 3774 ἐξέδραν
872 3674 983 3733 λευκοῦ
998 3672 1106 3744 λίθου,
1129 3669 1258 3748 Περσῶν

153 3748 302 3839 ἔργον,’
282 3748 342 3834 αφ’
356 3747 394 3816 ου
414 3748 626 3818 κατοπτεύεται
639 3777 676 3816 τοι
668 3750 792 3862 κύκλον
807 3756 904 3818 πεδία

239 3841 290 3906 45.
313 3835 466 3920 Scripsi''
445 3863 553 3919 ακρην.
574 3839 647 3900 Ven.
664 3837 787 3903 Laur.''
767 3864 873 3919 ακρου.
900 3838 962 3899 Pal.
976 3858 1045 3897 cum
1062 3831 1168 3896 edd.''
1148 3857 1256 3916 οιαραν.
1282 3876 1285 3885 ·

238 3925 290 3991 47.
312 3926 405 3985 Recte
424 3923 690 3985 Mitscherlichium
711 3925 750 3985 ad
771 3925 857 3985 Hom.
871 3923 903 3985 h.
921 3925 986 3983 Cer.
1009 3943 1041 4002 p.
1063 3920 1133 3989 225.
1151 3940 1257 3981 emen-

154 4009 239 4070 dasse
251 4019 325 4091 puto
346 4006 531 4086 οίνεδείξατο,
554 4009 718 4071 dedicavit.

223 4211 253 4276 ί)
273 4212 438 4297 Δαρδανίην
455 4207 499 4276 δέ,
519 4205 722 4264 θανοῦσανδτ
729 4205 784 4262 ’ἐν
804 4208 874 4292 ξήμῃ
890 4205 958 4263 θέτο
974 4208 1054 4278 γαίῃ,
1072 4205 1186 4290 κάλλιον
1201 4199 1258 4260 αεί-

154 4283 213 4336 διον
226 4277 315 4351 ἦλθεν
319 4233 566 4348 otnonqotmolst
548 4298 637 4346 ακραν
650 4277 679 4342 ἐς
704 4283 736 4335 Κ.
729 4279 885 4367 Gtttting.
904 4296 947 4348 ap.
958 4279 1107 4340 Weberum,
1126 4275 1257 4343 quiano-

155 4352 220 4406 δανί
221 4370 254 4419 ης
277 4351 397 4415 coniicit,
422 4357 450 4402 et
466 4348 611 4420 elegantius
629 4343 744 4419 putat‘'
726 4368 770 4404 οτι
791 4346 898 4471 {cipp
878 4346 947 4402 θέτο
966 4348 1040 4418 γαίῃ.
1058 4347 1093 4398 οἱ
1111 4345 1209 4398 Osann.
1223 4343 1258 4397 ad

155 4420 258 4492 Apulei.
273 4421 436 4489 deorthogr.
447 4437 475 4520 p.
488 4421 532 4475 23.
546 4418 778 4488 ctSohellcnberg.
793 4420 826 4473 ml
862 4416 982 4470 atinuolt
992 4433 1019 4486 p
1038 4417 1079 4470 12.
