2842 4920
470 318 560 430 uia.
582 366 606 429 1.
651 365 805 434 caca.
1158 377 1200 441 11

82 555 226 649 aliquid,
247 555 310 626 scd
325 578 394 626 uon
411 558 664 630 contendentis:
690 561 749 650 qui
763 561 821 629 ubi
834 559 901 629 iam
915 563 984 632 non
1000 565 1110 651 sumit,
1137 565 1200 633 scd

83 661 274 750 contendit,
300 663 468 729 contrario
490 665 595 732 utitur
616 665 784 733 vocabulo
802 659 954 746 πάντως.
1007 668 1200 736 Probabilia

82 766 232 856 denique
247 788 313 857 per
328 767 529 856 particulam
551 768 593 840 τέ
612 769 861 859 exprimuntur,
888 792 976 858 quae
997 771 1201 840 Germanice

82 871 288 962 plerumque
303 864 422 960 perja
439 870 624 938 encliticam
639 871 782 962 exprimi
799 880 932 963 potest,
956 874 1076 942 Latina
1091 875 1126 941 in
1140 875 1201 941 lin·

82 996 152 1065 gua
162 971 256 1066 sere
275 972 331 1038 vel
353 972 525 1041 nimirum
541 996 610 1041 uon
622 994 763 1066 prorsus
780 975 908 1043 alienae
928 987 1022 1060 sunt,
1049 977 1112 1045 sed
1137 978 1200 1046 alie

83 1085 213 1167 quanto
231 1085 345 1144 tamen
360 1076 529 1147 fortiores.
571 1077 669 1146 Haec
686 1086 802 1146 autem·
812 1079 920 1147 oratio
935 1080 1124 1173 colligentis
1139 1088 1201 1166 est,
1300 1082 1305 1089 ”

84 1179 231 1248 sednon
247 1179 387 1247 dicentis
400 1180 626 1249 necessan'um
642 1205 734 1251 esset
760 1181 852 1250 unde
870 1184 929 1272 qui
944 1185 1011 1252 iam
1024 1205 1092 1260 non
1108 1184 1202 1250 colli-

84 1285 152 1376 git,
179 1282 242 1350 sed
259 1283 386 1352 firmius
410 1284 574 1352 rationem
590 1285 781 1373 concludit,
807 1280 1007 1380 ἀναγκαίως
1031 1286 1122 1355 dicat
1138 1309 1201 1355 ne-

84 1409 181 1454 cesse
195 1394 256 1457 est

189 1489 368 1557 lllustrabo
389 1488 477 1559 haec
497 1512 597 1560 versu
615 1489 778 1580 Homeri,
803 1490 838 1560 iu
861 1452 931 1585 nuo
953 1491 1007 1562 his
1027 1491 1202 1585 particulis

85 1593 241 1662 omnibus
253 1593 347 1661 locus
366 1603 431 1662 est:

139 1739 207 1820 οὖν
222 1773 265 1820 τε
280 1739 339 1818 δύ’
357 1745 552 1844 ἐρχομένω,
577 1742 638 1818 καὶ
657 1746 740 1827 ἴσως
755 1737 830 1842 πρό
848 1742 871 1818 ὃ
886 1743 957 1818 τοῦ
972 1738 1126 1844 ἐνόησεν.

85 1903 109 1970 i.
125 1924 156 1969 e.
177 1897 319 1970 duobos
339 1900 577 1983 consociatio,
592 1897 763 1992 forsitan
780 1898 879 1968 alter
895 1899 1016 1969 altero
1037 1901 1127 1991 plne
1146 1900 1201 1969 vi-

87 2007 170 2075 det:
195 2004 286 2074 zwei
302 2002 542 2093 beionmmen,
568 2002 662 2072 nieht
684 2001 867 2073 vielleicht
883 2002 983 2071 οἱνιον
1001 2004 1129 2073 weiter
1141 2005 1202 2072 alo

89 2110 159 2177 der
174 2108 325 2177 andere.
376 2108 457 2175 Hoc
479 2107 538 2198 qui
557 2106 656 2192 dicit,
682 2106 756 2173 fieri
768 2128 869 2196 posse
888 2106 1032 2192 indicat,
1057 2116 1096 2175 ut
1116 2107 1202 2175 alter

87 2214 195 2280 altero
219 2211 297 2303 plus
321 2211 453 2300 videat,
479 2210 542 2280 sed
562 2220 676 2277 utrum
697 2209 733 2276 id
749 2210 810 2277 fiat
833 2232 876 2276 an
897 2233 966 2277 uon
982 2211 1059 2296 fiat,
1085 2211 1200 2282 nescit.

89 2314 195 2400 Quod
209 2317 238 2383 si
255 2317 317 2382 scit
331 2316 406 2381 lieri
422 2315 487 2400 ita,
514 2313 710 2404 simpliciter
722 2311 759 2378 id
775 2312 929 2380 enunciat
943 2314 1014 2383 sine
1027 2314 1097 2382 ulla
1116 2336 1202 2405 par-

88 2419 208 2506 ticula,
236 2411 309 2514 πρό
325 2416 347 2491 ὃ
361 2416 431 2490 τοῦ
444 2409 599 2514 ἐνόησεν.
651 2414 724 2484 Sed
736 2415 763 2482 si
778 2415 875 2503 dicit,

139 2563 207 2645 οὖν
224 2597 267 2644 τε
281 2563 338 2644 δέ’
352 2570 555 2666 ἐρχομένω,
581 2566 645 2642 aci
655 2592 726 2641 noo
744 2560 818 2665 πρό
831 2565 855 2641 ὃ
867 2566 937 2640 τοῦ
948 2561 1117 2665 ἐνόησεν,

88 2725 157 2795 hoc
181 2724 279 2794 dicitz
305 2723 405 2793 alter
414 2722 590 2817 sortasse
614 2723 736 2792 altero
753 2721 843 2815 plna
866 2720 985 2791 videt.-
1016 2723 1107 2791 zwei
1126 2722 1202 2792 bei-

90 2851 272 2914 onmmen‚
297 2827 393 2897 nieht
408 2827 507 2896 wohl
524 2827 625 2896 einer
637 2827 764 2896 inciter
780 2826 839 2896 ale
856 2825 926 2894 der
942 2826 1093 2895 andere.
1145 2828 1201 2895 Eo

91 2932 348 3023 autem·opiuari
369 2954 406 3000 se
420 2931 564 3014 indicat,
589 2931 636 2996 ita
649 2931 744 3013 lieri,
770 2928 912 2998 sednon
928 2930 1083 2996 affirmat.
1134 2930 1202 2998 Af-

90 3039 226 3105 firmare
250 3035 278 3103 si
304 3035 391 3119 vult,
418 3034 582 3102 adverbio
603 3033 653 3099 uti
678 3032 799 3115 debet,
832 3054 901 3119 quo
922 3034 995 3097 uon
1010 3031 1115 3098 videri
1139 3033 1203 3099 sibi

91 3143 153 3223 ita,
187 3137 250 3207 sed
277 3124 450 3206 confidere
473 3159 509 3205 se
532 3133 675 3221 indicet,
707 3125 797 3230 ἦδῆ
815 3125 889 3228 προ
912 3130 933 3202 ὃ
955 3132 1024 3203 τοῦ
1048 3126 1201 3230 ἐνόησεν.

91 3245 199 3312 Porro
217 3243 245 3309 si
262 3240 360 3326 dicit,

143 3388 210 3467 σύν
227 3420 270 3466 το
283 3386 341 3465 δύ’
355 3392 557 3488 ἐρχομένω,
584 3388 646 3464 καί
657 3416 717 3464 κεν
729 3384 804 3487 πρέ
819 3387 841 3463 ὃ
856 3387 928 3463 τοῦ
941 3381 1107 3486 ἐνόησεν,

91 3545 127 3615 id
152 3546 242 3614 hanc
256 3545 324 3613 vim
345 3544 466 3614 habet:
493 3545 591 3614 alter
601 3543 712 3638 forte
734 3543 856 3614 altero
864 3543 953 3636 plue
970 3541 1088 3611 videt:
1114 3544 1203 3613 awci

92 3649 337 3735 beisammen,
369 3648 464 3718 nieht
484 3657 580 3718 etwa
600 3649 700 3717 einer
721 3647 847 3716 weiter
870 3647 930 3714 olo
954 3646 1025 3714 der
1052 3647 1201 3715 andere.

92 3753 199 3839 Quod
208 3754 266 3843 qui
283 3752 374 3837 dicit,
394 3775 436 3821 ex
448 3753 584 3820 fortuita
597 3754 710 3843 aliqua
725 3748 916 3819 conditione
930 3747 1082 3838 pendere
1096 3750 1203 3840 signi·

92 3858 189 3943 licat,
215 3865 252 3924 nt
270 3856 317 3922 ita
331 3856 473 3926 eveniat.
526 3855 629 3939 Quod
646 3856 673 3924 si
694 3855 781 3923 tollit
794 3851 1035 3939 conditionem,
1061 3847 1203 3934 πάντως

92 3954 166 4053 πρό
189 3959 211 4033 ὃ
226 3958 295 4031 τοῦ
310 3952 455 4056 ἐνόησεν
477 3958 567 4026 dicat
581 3982 719 4029 necesse
735 3966 797 4028 est
848 3954 1005 4045 Denique
1022 3956 1117 4044 quod
1129 3957 1204 4049 ipse

92 4063 207 4156 posuit
224 4072 349 4154 poeta,

147 4209 213 4288 οὖν
226 4233 269 4288 ’τε
284 4208 343 4288 δύ’
358 4215 539 4312 ἐρχομένω
547 4270 561 4304 ,
589 4212 650 4287 καί
665 4242 707 4288 τε
725 4207 798 4312 προ
815 4212 922 4289 iacti
939 4205 1105 4309 ἐνόησεν,

94 4368 128 4437 in
142 4368 230 4438 hano
246 4370 443 4440 sententiam
459 4370 584 4439 (lictum
599 4378 665 4439 cst:
692 4371 791 4439 alter
803 4369 975 4440 οἰοιὶνωω
987 4367 1107 4438 altero
1116 4369 1203 4461 pluo
