2842 4920
492 363 550 426 DE
586 363 864 427 Plnxrcvun
887 361 931 428 dv

338 862 588 931 LIBER
639 860 1075 934 SECVNDVS.

699 1049 726 1121 l.

208 1203 291 1272 Dc
343 1203 563 1271 modis
614 1200 817 1271 verbi
871 1198 1212 1293 obliquis,

153 1341 362 1444 Dicendum
382 1394 471 1439 nunc
494 1383 546 1441 est
567 1372 611 1441 de
633 1375 742 1442 m'odis
756 1373 850 1441 verbi
866 1372 1026 1461 obliquis,
1053 1373 1266 1440 coniunctivo

153 1490 255 1569 atque
278 1478 445 1570 optativo,
479 1477 523 1543 dc
547 1499 692 1566 quorum
716 1475 963 1544 consociatione
989 1498 1066 1543 cum
1093 1476 1265 1567 particulis

153 1581 324 1654 doctrin
340 1582 405 1648 alia
424 1580 552 1647 ratione
579 1580 814 1672 explicandum
839 1579 917 1665 erit,
945 1601 1045 1668 quarn
1068 1601 1134 1667 qua
1158 1580 1193 1644 in
1213 1580 1265 1645 in-

154 1685 300 1753 dicativo
320 1685 368 1751 uti
391 1682 523 1750 licebat.
576 1684 750 1752 indicativi
774 1684 862 1750 enim
878 1693 996 1749 natura
1013 1692 1046 1748 et
1062 1682 1146 1749 ratio
1162 1704 1265 1770 quum

153 1789 307 1856 omnibus
329 1793 447 1878 aperta
467 1787 527 1869 sit,
555 1788 680 1872 statim,
708 1787 858 1876 quaevis
878 1794 966 1853 esset
981 1783 1078 1852 huius
1097 1785 1211 1864 modi,
1238 1785 1266 1852 si

153 1891 357 1959 adderentur
375 1887 562 1978 particulae
579 1890 678 1975 istae,
705 1887 836 1955 ostendi
852 1889 981 1977 potuit,
1008 1887 1132 1955 deinde
1154 1897 1266 1955 autern

69 2022 78 2035 ⁸
153 1993 197 2061 de
211 1993 249 2061 iis
264 1991 488 2059 locutionibus
498 1990 575 2080 dici,
602 1992 636 2058 in
654 1992 776 2080 quibus
790 1990 913 2058 omissa
926 1990 1034 2059 videri
1051 2000 1168 2082 posset
1182 2014 1266 2082 par-

151 2097 264 2165 ticula.
319 2093 529 2162 Coniunctivi
559 2115 641 2161 vero
670 2104 772 2180 atque
803 2093 942 2182 optativi
976 2102 1095 2158 natura
1126 2117 1193 2161 non
1221 2095 1268 2160 ita

152 2199 305 2266 omnibus
335 2204 416 2262 nota
440 2204 541 2283 atque
565 2207 748 2286 perspecta
766 2204 833 2280 est,
860 2204 897 2261 ut
918 2194 955 2262 hi
975 2193 1068 2260 modi
1089 2196 1171 2283 quid
1196 2197 1268 2264 sine

151 2299 321 2393 particulis
346 2297 414 2364 istis
444 2297 635 2389 significent
662 2297 862 2390 praeterire,
898 2320 937 2364 ac
962 2296 1072 2363 statim
1097 2297 1141 2363 de
1170 2299 1269 2366 adie-

153 2405 262 2471 ctione
285 2423 401 2470 earum
426 2400 470 2467 ad
494 2423 552 2469 eos
577 2401 697 2469 modos
719 2401 833 2468 dicere
854 2401 1038 2491 possimus3
1065 2400 1169 2466 immo
1189 2410 1268 2470 ante

152 2506 264 2574 omnia
279 2502 463 2573 videndum
479 2505 559 2591 erit,
586 2527 688 2595 quam
710 2504 774 2595 ipsi
793 2524 857 2594 per
875 2527 911 2571 se
925 2503 993 2570 vim
1006 2502 1169 2589 habeant,
1198 2526 1267 2593 quo

153 2609 295 2693 deinde,
323 2607 406 2696 quid
432 2608 477 2676 ad
502 2631 577 2676 earn
599 2608 742 2676 adiectio
761 2608 892 2674 illarum
918 2607 1159 2698 particularum
1182 2630 1267 2674 con-

151 2713 257 2795 ferat,
283 2710 425 2802 intelligi
441 2711 555 2803 possit.

254 2812 458 2904 Repetenda
489 2814 545 2881 hic
577 2814 697 2905 paucis
725 2814 892 2906 simulque
917 2813 1147 2881 confirmanda
1180 2822 1266 2896 sunt,

107 3006 109 3011 Ι
153 2940 241 3007 quae
257 2917 336 2984 alibi
360 2918 553 3008 explicatius
577 2918 753 3009 disputavi.
808 2918 854 2984 Vt
873 2915 1070 2984 indicativus
1093 2916 1267 2984 veritatem

152 3021 250 3107 facti,
283 3020 330 3086 ita
354 3023 580 3090 coniunctivns
605 3031 707 3110 atque
731 3022 899 3111 optativus
925 3044 985 3106 ea,
1017 3043 1104 3107 quae
1126 3028 1267 3108 possunt

151 3124 242 3210 lieri,
274 3123 479 3215 significant:
512 3125 558 3191 ita
581 3133 723 3208 tamen,
737 3122 775 3190 ut
798 3125 1027 3191 coniunctivns
1052 3123 1109 3188 illa
1130 3121 1265 3203 indicet,

153 3250 242 3316 quae
259 3237 402 3317 propter
419 3229 564 3315 aliquam
578 3228 727 3317 ipsarum
738 3249 862 3308 rerum,
884 3227 927 3294 dc
942 3226 1063 3315 quibus
1078 3247 1189 3293 sermo
1206 3234 1266 3311 cst,
1309 3262 1312 3269 .

154 3330 381 3396 conditionem
404 3329 574 3397 eveniant:
608 3329 698 3396 unde
712 3337 802 3395 totus
826 3329 870 3394 ad
896 3329 1135 3419 experientiam
1157 3327 1267 3395 refer-

153 3442 208 3498 tur
241 3453 282 3498 ex
311 3453 417 3518 eaque
443 3432 589 3522 pendet3
624 3432 791 3523 optativus
816 3442 928 3499 autern
955 3454 1043 3520 quae
1074 3431 1268 3522 cogitabilia

152 3542 229 3602 sunt
256 3533 439 3624 significet:
466 3558 534 3624 quo
549 3535 606 3620 fit,
632 3542 670 3601 ut
686 3535 787 3601 etiam
806 3558 847 3602 ea
864 3535 1149 3626 comprehendat,
1178 3557 1267 3622 quae

151 3636 227 3704 fieri
246 3648 426 3724 nequeunt.
480 3639 630 3726 Vterque
655 3637 794 3721 modus,
821 3638 849 3706 si
871 3662 944 3706 rcrn
967 3639 1112 3706 severius
1137 3660 1267 3728 expeu-

153 3741 280 3816 dimns,
308 3762 376 3807 non
392 3749 505 3830 potest
523 3764 587 3833 per
606 3764 642 3808 se
663 3741 752 3808 solus
769 3750 880 3830 stare,
906 3741 968 3810 sed
984 3742 1115 3832 pendet
1140 3763 1182 3807 ex
1202 3739 1268 3807 alia

151 3852 249 3933 parte
265 3844 433 3915 orationis.
486 3846 575 3912 Nam
590 3845 742 3911 subtilior
763 3867 864 3933 quarn
885 3846 997 3913 verior
1020 3853 1070 3912 est
1095 3843 1269 3934 Apollonii

152 3946 332 4035 disputatio
348 3947 405 4018 bb.
418 3947 480 4021 lll.
498 3948 541 4015 de
554 3949 683 4038 syntaxi
698 3972 727 4020 c.
744 3946 804 4016 28.
819 3949 1035 4015 indicativum
1050 3958 1152 4035 atque
1165 3954 1268 4036 opta-

151 4048 257 4115 tivum
273 4049 318 4115 ita
334 4049 441 4118 dictos
459 4052 642 4140 censentis,
670 4051 763 4139 quod
779 4052 840 4118 soli
855 4075 918 4143 per
934 4074 982 4137 se,
1009 4051 1093 4119 alter
1116 4074 1188 4117 esse
1203 4049 1264 4115 ali-

151 4149 256 4240 quid,
295 4151 379 4219 alter
410 4155 519 4244 optari
542 4154 749 4246 significent,
777 4155 1025 4222 coniunctivum
1049 4162 1161 4221 autem
1187 4151 1267 4219 inde

151 4276 275 4327 nomen
299 4252 445 4338 habere,
471 4257 583 4346 quod,
611 4279 715 4345 quum
737 4281 801 4347 per
818 4270 854 4324 se
870 4257 952 4324 nihil
971 4257 1156 4348 significet,
1183 4279 1266 4346 par-

96 4400 105 4414 ae
151 4358 253 4425 ticula
280 4358 449 4450 indigeat,
477 4382 553 4427 cum
578 4383 645 4448 qua
670 4361 893 4453 coniungatur
912 4382 954 4428 ex
973 4382 1082 4449 caque
1105 4359 1265 4450 pendeat.
