2842 4920
366 356 417 418 llll
434 353 620 419 unusual
635 351 858 432 vrnlstvu
877 349 926 420 ἅν.
1134 364 1200 432 m

93 545 138 614 de
163 566 234 635 quo
258 544 387 614 monuit
401 568 513 637 nuper
526 544 721 617 Dindorfius
736 545 782 615 ad
795 540 969 640 Aristoph.
988 543 1092 643 Vesp.
1108 549 1196 645 2²82
1309 640 1312 646 ³

92 649 187 717 Tum
200 648 323 717 cxvl.
339 644 410 738 35,
429 647 465 721 6.
489 650 524 718 in
538 650 742 744 Apollodori
755 651 930 720 Lacaenas

196 802 250 899 τῷ
264 801 302 876 δὲ
317 801 431 900 πατρὶ
444 796 535 900 opor
548 795 616 877 τόν
630 795 731 886 υἱόν,
759 802 806 878 ἄν
821 799 1023 903 ἀγνωμονῇ.

93 957 179 1026 Item
193 955 285 1026 xci.
300 955 369 1045 13,
396 955 431 1025 3.
456 957 492 1026 in
504 955 710 1027 Philemonis
723 959 923 1059 Πτέρυξιντ

197 1102 372 1208 ἀργύριόν
387 1113 484 1183 ἐστι·
506 1106 620 1184 τοῦτο
643 1106 676 1184 δ’
694 1109 739 1186 ἂν
756 1113 852 1210 ἔχῃς,
879 1113 977 1208 λέγε·

94 1264 154 1334 nisi
179 1266 253 1355 quis
279 1265 327 1332 ibi
358 1263 529 1355 praeferat
554 1263 708 1334 editionis
731 1266 1020 1337 Trinoavellianae
1045 1265 1200 1362 scriptu:

94 1392 166 1436 ram
200 1363 306 1441 τοῦτ’
335 1360 399 1440 scir
433 1367 522 1463 ἔχῃς.
577 1368 619 1435 In
652 1368 786 1438 Sotadis
818 1393 918 1441 versu
944 1369 1102 1443 XCVIII.
1137 1371 1197 1444 1⁰.

94 1494 195 1562 quem
231 1493 299 1539 non
332 1478 427 1538 recte
459 1469 635 1539 emendavi
668 1473 703 1542 in
728 1474 838 1542 Elem.
861 1474 968 1547 doctr.
993 1481 1090 1546 metr.
1114 1498 1199 1572 pag.

94 1574 180 1647 447.
206 1575 241 1643 in
267 1595 336 1663 quo
358 1574 481 1667 legitur
507 1572 546 1655 dc
567 1568 631 1648 ἑοῖν
650 1571 693 1672 ᾖ,
719 1577 935 1646 scribendum
947 1576 1096 1648 videturt

196 1722 356 1821 ἀγαθός,
383 1718 540 1824 εὐφυής,
568 1725 727 1820 δίκαιος,
753 1723 903 1828 εὐτυχής
919 1723 1031 1828 ἕοῖνῆ.

96 1881 197 1952 Certe
221 1880 289 1948 hoc
314 1879 385 1947 veri
410 1879 564 1966 similius,
598 1889 702 1973 quam
728 1907 797 1975 qno
822 1885 900 1976 ipso
933 1905 1070 1974 quoqne
1096 1892 1199 1956 staret
1233 1882 1236 1889 ’

93 1995 254 2069 metrum,
291 1977 440 2080 εὐτυχής
465 2011 520 2065 τις
552 1982 597 2059 ἄν
626 1981 660 2083 ᾗ.
722 1988 795 2060 Sed
826 1989 904 2058 satis
931 1987 975 2056 de
1002 1988 1199 2078 quaestione

92 2113 181 2182 pene
206 2087 357 2156 ridicula.

194 2190 404 2282 Progredior
434 2188 479 2258 ad
513 2188 559 2263 ἄν
589 2193 785 2284 potentiale.
852 2195 906 2264 De
940 2193 1010 2262 eius
1041 2216 1201 2264 mensura

93 2319 160 2364 non
186 2304 322 2387 arrepto
348 2304 475 2362 temere
501 2316 570 2362 uno
596 2305 698 2385 atque
725 2299 831 2366 altero
858 2298 1036 2388 exemplo,
1063 2296 1126 2366 sed
1146 2297 1201 2366 di-

43 2442 47 2453 ·
92 2401 237 2493 ligenter
263 2397 411 2466 collectis
431 2399 590 2466 similibus
615 2398 835 2489 adhibitaque
859 2401 930 2469 fide
956 2401 1118 2467 librorum
1138 2401 1201 2469 du·

93 2503 288 2571 bitationem
313 2503 418 2569 movit
451 2500 495 2568 G.
522 2499 716 2568 Dindorfius
744 2503 856 2593 primo
888 2504 923 2569 in
955 2503 993 2569 iis
1021 2525 1108 2592 quae
1130 2502 1199 2571 So-

93 2605 210 2698 phocli
234 2628 268 2696 p.
281 2598 332 2670 56
351 2628 421 2694 seq.
447 2612 519 2670 tum
540 2625 627 2691 quae
641 2603 813 2694 Aeschylo
838 2605 1011 2696 praefatus
1038 2614 1087 2672 est
1108 2629 1143 2696 p.
1161 2601 1199 2675 5.

93 2732 205 2800 nuper
246 2717 359 2776 autem
393 2706 526 2799 plenius
563 2715 665 2795 atque
697 2706 890 2801 explicatius
923 2707 958 2774 in
989 2708 1199 2797 praefatione

92 2821 271 2904 poetarum
297 2811 506 2881 scenicorum
530 2832 565 2903 p.
590 2809 614 2878 Ἰ
637 2834 732 2901 seqq.
784 2812 898 2901 Atque
925 2810 1032 2878 attulit
1055 2810 1112 2880 hic
1138 2834 1199 2878 ex-

93 2917 209 3009 empla
242 2914 473 3006 productionis
507 2913 705 3002 duodecim,
740 2917 893 3007 speciosa
924 2915 1052 3001 omnia,
1094 2937 1200 2983 unum

93 3029 205 3088 autem
233 3018 416 3109 eiusmodi,
445 3026 482 3086 ut
513 3018 568 3085 vel
594 3017 809 3086 audaciorem
834 3018 984 3085 criticum
1011 3018 1199 3087 absterrere
1315 3020 1317 3025 ⁴

93 3123 137 3190 ab
169 3120 382 3191 emendando
413 3121 531 3213 possit.
590 3109 662 3189 Sed
693 3131 806 3191 tamen
840 3121 867 3189 si
895 3122 949 3189 vel
972 3120 1200 3211 duplicaretur

92 3226 155 3293 iste
186 3247 362 3312 numerum
397 3225 479 3315 quid
512 3233 582 3292 tam
612 3248 724 3315 pauca
749 3226 906 3318 exempla
930 3224 1091 3291 adversus
1120 3223 1199 3293 mil·

93 3330 170 3397 lena
197 3329 255 3396 illa
280 3329 448 3416 valerent,
476 3328 511 3395 in
538 3327 659 3417 qulbus
684 3331 850 3420 particula
874 3329 937 3397 ista
961 3335 1120 3418 ¹correpta
1144 3326 1199 3393 in-

93 3432 248 3500 uenitur?
281 3432 345 3500 Est
368 3431 437 3500 hoc
461 3432 509 3499 ita
535 3442 785 3524 comparatum,
812 3442 850 3500 ut
874 3454 990 3500 omnes
1009 3431 1081 3499 reri
1106 3430 1200 3498 simi·

93 3535 238 3602 litudinis
263 3537 347 3603 fines
374 3534 531 3603 excedatr
563 3536 777 3626 elev'aturque
804 3537 905 3605 etiam
927 3558 987 3621 eo,
1012 3532 1107 3623 quod
1131 3555 1200 3600 non

92 3639 254 3731 pauciora
271 3639 409 3706 abarum
422 3640 635 3730 reperiuntur
656 3641 896 3732 particularum
912 3639 1084 3729 exempla,
1111 3631 1198 3725 qria-

93 3742 141 3810 les
161 3750 239 3810 sunt
258 3742 347 3832 μέν,
374 3736 462 3837 γάρ,
488 3739 589 3837 πρίν,
619 3767 707 3832 quae
736 3744 920 3837 scripturae
945 3739 1200 3834 perturbatione

91 3843 147 3912 hic
173 3845 241 3913 illic
266 3845 314 3912 sic
338 3845 470 3936 positae
496 3853 587 3933 sunt,
614 3856 650 3914 ut
675 3848 806 3939 possint
831 3844 1010 3935 aliquando
1036 3865 1102 3935 pro
1122 3843 1197 3911 lon-

70 3948 144 4039 ‘gis
166 3948 302 4016 habitae
327 3947 444 4019 videri.
498 3948 570 4018 Sed
594 3957 725 4038 tamen,
752 3951 779 4019 si
799 3951 872 4040 quis
898 3946 1089 4040 analogiam
1115 3967 1200 4039 qou-

93 4050 235 4138 sideret‚
269 4073 325 4121 eas
360 4051 498 4140 quidem
527 4076 615 4142 quae
653 4064 772 4122 natura
807 4055 931 4145 longae
967 4060 1043 4119 sunt
1074 4049 1200 4140 corripi

92 4154 277 4240 interdum,
308 4163 347 4222 ut
368 4149 433 4227 orio
442 4209 456 4244 ,
492 4154 743 4248 deprehendet,
773 4180 841 4225 non
867 4165 980 4225 autem
1006 4176 1094 4244 qnae
1119 4153 1201 4220 hre-

92 4280 151 4325 ves
189 4267 310 4326 natura
343 4268 419 4326 'sunt
453 4259 572 4350 longas
608 4261 699 4349 fieri,
738 4262 799 4329 nisi
833 4260 922 4328 forte
955 4257 1049 4351 apud
1086 4255 1202 4347 epicos

94 4360 217 4430 alicubi
252 4371 397 4455 propter
426 4363 526 4431 metri
557 4363 731 4434 rationem.
795 4364 867 4433 Sed
897 4383 1024 4456 operae
1055 4359 1203 4454 pretium
