2842 4920
152 362 196 425 uo
489 358 547 419 DE
583 357 857 420 PARTICVLA
881 306 928 422 ti

155 546 221 633 οὗ,
246 546 360 637 ὅπου,
399 547 456 635 οἶ,
484 545 590 637 ὅποι,
618 545 661 645 ᾗ,
689 546 783 645 ὅπῃ,
810 551 941 638 ἔνθεν,
969 545 1084 639 ὅθεν,
1112 544 1271 640 όπόθεο,

155 665 227 721 tum
248 653 451 745 pronomina
473 649 526 732 ὅς,
553 651 648 740 οἶος,
684 649 826 733 ὁποῖος,
859 649 963 736 ὅσος,
996 646 1149 742 ὁπόσος,
1178 650 1274 728 όπό-

154 782 269 850 τερος.
321 756 455 823 Horum
474 755 660 845 quaedam,
686 756 720 823 in
742 755 858 847 primis
876 755 1079 847 particulam
1101 757 1273 827 conditio-

77 946 80 951 ·
155 861 267 929 nalem
284 861 320 931 εἰ
328 908 340 946 ,
366 859 410 926 ab
426 858 545 927 Atticis
567 881 636 926 non
652 859 746 950 iungi
769 859 999 943 coniunctim,
1022 860 1085 928 nisi
1100 861 1128 927 si
1140 859 1197 933 ὀλο
1211 884 1273 929 ao-

156 964 312 1049 cederet,
339 961 397 1028 diu
421 961 483 1029 fuit
505 962 654 1030 virorum
674 961 855 1030 doctorum
882 963 1010 1053 opinio.
1062 964 1116 1031 Ac
1135 962 1273 1033 Bastins

156 1066 294 1156 quidem
317 1064 411 1154 quod
428 1066 461 1132 in
480 1065 622 1157 epistola
635 1065 748 1133 critica
763 1065 809 1132 ad
822 1065 1071 1133 Boissonadum
1085 1090 1121 1157 p.
1138 1065 1226 1136 129.
1242 1092 1271 1141 s.

156 1169 213 1243 ed.
232 1170 328 1260 Lips.
355 1191 397 1236 ex
413 1167 571 1237 Thomae
593 1166 645 1237 M.
671 1178 858 1261 praecepto
882 1192 919 1260 p.
945 1166 1031 1238 267.
1053 1169 1273 1259 existimabat,

155 1273 260 1351 uerba
276 1264 543 1343 αόθυπόταετα
558 1272 657 1339 etiam
672 1272 766 1365 apud
781 1273 910 1340 Atticos
921 1275 953 1345 εἰ
969 1294 1046 1340 cnm
1060 1273 1272 1344 coniunctivo

156 1377 227 1467 sine
244 1373 289 1446 ἄν
307 1374 503 1459 admittere,
528 1374 566 1442 id
578 1376 675 1443 inane
692 1384 919 1443 commentum
936 1398 1009 1444 esse
1028 1376 1106 1445 satis
1122 1375 1205 1444 mihi
1218 1378 1272 1445 vi-

156 1479 241 1547 deor
254 1478 500 1547 demonstrasse
514 1478 548 1546 in
562 1479 792 1547 dissertatione
804 1478 848 1546 de
862 1479 1054 1571 praeceptis
1068 1480 1272 1569 quibusdam

155 1582 395 1651 Atticistarum.
448 1579 548 1650 Vnde
573 1592 683 1651 ortum
707 1583 747 1650 sit
769 1582 853 1650 illud
876 1584 1105 1652 Atticistarum
1125 1607 1271 1675 praece-

154 1695 271 1778 ptum,
306 1684 421 1753 docuit
444 1684 640 1754 Lobeckius
663 1685 707 1753 ad
725 1685 853 1776 Phryn.
877 1709 913 1778 p.
938 1685 1024 1755 724.
1075 1686 1211 1755 Accidit
1235 1689 1272 1756 in

153 1788 222 1857 hac
246 1811 383 1878 quoque
411 1809 466 1873 re,
492 1787 587 1875 quod
608 1789 821 1880 saepissime,
847 1799 905 1878 ut,
931 1813 1019 1880 quae
1045 1813 1122 1858 rara
1148 1799 1271 1876 essent,

156 1900 315 1982 corrupta
331 1897 542 1982 putarentur,
568 1914 631 1958 nec
645 1899 882 1981 quaereretur,
909 1916 1012 1983 quam
1028 1894 1192 1961 rationem
1204 1893 1272 1963 ha·

154 1995 284 2063 herent
336 1993 485 2061 Tantum
510 1994 607 2062 abest
622 1995 729 2081 enim,
755 2003 793 2062 ut
812 2003 870 2062 aut
883 2019 947 2086 per
970 2020 1007 2064 se
1024 2021 1130 2088 prava
1151 2006 1210 2064 aut
1224 1998 1270 2066 ab

153 2097 344 2166 Atticorum
362 2119 426 2164 usu
443 2096 629 2165 abhorrens
645 2098 686 2164 sit
709 2099 913 2166 constructio
930 2101 1116 2191 particulae
1137 2103 1173 2171 εἰ
1192 2124 1272 2170 cum

154 2200 385 2283 coniunctim,
411 2207 468 2281 ut,
495 2221 602 2287 quum
624 2221 693 2267 non
714 2198 858 2291 perinde
873 2202 930 2283 sit,
958 2211 1069 2269 utrum
1090 2205 1125 2273 εἰ
1144 2225 1187 2269 an
1204 2198 1272 2276 ἑόν

153 2311 316 2395 ponatur,
339 2324 407 2368 non
424 2301 533 2392 magis
550 2295 615 2374 ἑοῖο
628 2324 692 2394 pro
712 2304 743 2373 εἰ
753 2350 764 2387 ,
786 2325 889 2392 quam
905 2306 940 2375 εἰ
950 2327 1015 2396 pro
1033 2298 1097 2377 ἑοῖο
1114 2303 1273 2375 adhiberi

152 2405 269 2498 possit.
322 2403 525 2473 Monueram
547 2427 588 2472 ea
611 2405 655 2473 de
679 2429 716 2474 re
736 2404 780 2472 ad
794 2406 902 2498 Soph.
919 2407 971 2474 Αἰ.
992 2405 1080 2479 491.
1096 2430 1271 2479 assensus-

154 2532 222 2600 que
239 2517 290 2577 est
304 2509 355 2577 vir
373 2509 510 2577 eximius
527 2509 730 2598 maiorisque
754 2510 853 2576 animi
869 2533 972 2601 quam
990 2521 1028 2579 ut
1045 2533 1117 2578 suas
1135 2512 1271 2601 opinio-

154 2637 215 2681 nes
237 2614 368 2681 veritati
390 2613 596 2704 praeferret,
623 2614 661 2680 P.
688 2612 887 2700 Elmsleius,
923 2638 1025 2704 quern
1051 2626 1269 2707 praematura

151 2723 261 2785 morte
274 2717 390 2784 litteris
410 2725 565 2806 ereptum
579 2738 653 2783 esse
669 2738 800 2783 summo
815 2739 893 2784 cum
908 2717 1026 2786 dolore
1044 2741 1156 2810 nuper
1169 2742 1268 2788 acoe-

151 2820 273 2912 pimus.
325 2818 413 2886 Vide
430 2841 508 2885 eum
524 2819 568 2885 ad
584 2818 712 2889 Bacch.
731 2818 817 2886 203.
834 2815 920 2891 858.
936 2822 1018 2888 etin
1036 2823 1179 2912 praefat.
1197 2831 1267 2891 ter-

150 2924 217 2991 tiae
231 2920 283 2990 ed.
300 2919 389 2997 Oed.
409 2922 516 3013 Regis
531 2922 575 2989 ad
594 2945 626 2989 v.
645 2921 731 2990 191.
748 2920 836 2996 8Ί4.
859 2924 1108 2993 Grammaticus
1121 2927 1157 2993 in
1170 2926 1268 2994 Bek-

151 3025 226 3095 keri
241 3025 372 3094 Aneod.
393 3049 428 3117 p.
450 3023 536 3112 144,
555 3023 613 3093 29.
632 3019 731 3117 paro?
751 3026 789 3098 δὲ
813 3024 1063 3102 trasamundo
1095 3028 1207 3119 (Iliad.
1226 3057 1266 3124 μ.

256 3277 326 3355 εἴτ’
341 3280 399 3355 ἐπὶ
412 3277 502 3363 δεξί’
520 3282 601 3352 ἴωσι
616 3275 706 3376 πρός
720 3277 774 3378 ηὀό
786 3279 823 3355 τ’
839 3276 1013 3379 tutatus.

150 3436 210 3510 καὶ
225 3433 417 3531 Σοφοκλῆς
430 3438 468 3506 ἑο
486 3431 657 3506 Οἰδίποδι
672 3428 837 3532 τυράννῳ
865 3436 913 3529 (v.
932 3434 1058 3528 8ῖ3.)·

252 3585 357 3684 ὕβρις
371 3591 403 3660 εἱ
419 3586 560 3660 πολλῶν
577 3583 826 3686 όπερπλησθῇ.

152 3737 300 3825 όαότός
326 3741 432 3834 (Oed.
452 3742 692 3835 col.1442.)·

483 3894 699 3980 δοςτόλαιοα
720 3895 808 3997 τᾶρ’
823 3894 912 3994 ε’γό,

255 4003 293 4073 εἴ
303 4026 369 4073 σου
388 4003 564 4101 στερηθῶ.

155 4107 336 4200 Κρατῖνος
351 4102 540 4181 Γείτοσιν·

254 4209 290 4280 εἰ
301 4201 413 4304 σοφός
426 4203 458 4302 ᾗ.

151 4359 326 4459 &sueonia
351 4359 527 4455 Παιδείας
553 4363 629 4453 (111.
645 4361 681 4449 3,
706 4357 808 4454 59)·
837 4365 871 4435 εἰ
888 4357 944 4460 μή
965 4357 1131 4462 πρόσθεν
1151 4360 1264 4464 η’σοη-
