2842 4920
149 355 192 417 12
490 348 551 410 DE
570 346 843 410 PARTICVLA
864 342 913 410 dr

150 539 267 613 videt:
293 536 384 609 κακαὶ
403 535 640 623 beisommrn,
671 538 765 609 steht
785 533 829 630 ja
852 537 951 606 einer
968 535 1095 606 writer
1115 538 1174 606 als
1191 537 1263 608 der

151 646 302 715 andere.
353 641 395 710 ld
412 664 494 712 vero
510 651 561 711 est
572 644 660 727 cius,
686 643 746 732 qui
760 641 938 734 probabile
953 649 988 708 et
1001 649 1263 710 consentaneum

150 771 226 816 csse
249 745 346 834 dicit,
377 746 424 813 ita
442 746 535 828 lieri,
562 746 623 813 etsi
644 767 713 814 non
734 745 779 813 alt
798 745 901 837 plane
923 743 1147 812 necessarium
1174 768 1260 816 esse.

150 851 230 919 Hoc
253 849 391 920 enimsi
413 850 502 937 uult,
534 847 716 920 dicendum
730 858 797 937 est,
831 844 1031 942 ἀναγκαίως
1050 840 1126 944 ond
1147 846 1170 920 ὃ
1192 849 1263 923 τοῦ

149 947 307 1050 ἐνόησεν.

251 1057 411 1149 Apparet
430 1077 473 1125 ex
497 1055 567 1148 his,
599 1066 637 1127 ut
658 1056 796 1149 opinor,
826 1053 963 1144 etquid
984 1051 1142 1121 differant
1163 1053 1262 1144 ipsae

150 1160 335 1251 particulae
352 1160 440 1227 inter
459 1181 551 1245 sese,
578 1160 707 1250 etquid
729 1159 881 1251 singulae
899 1158 1095 1249 oppositum
1121 1159 1262 1249 cogitari

151 1263 333 1353 postulent.
382 1262 483 1346 Quae
498 1264 526 1331 si
540 1264 657 1353 paucis
672 1261 966 1352 comprehendere
984 1261 1147 1346 volumus,
1174 1261 1261 1329 hacc

151 1376 236 1435 sunt.
288 1365 406 1449 Quum
419 1367 501 1446 ἴσως
515 1366 559 1434 ad
575 1390 635 1451 ea,
661 1389 750 1457 quac
771 1373 912 1456 possunt
925 1363 1017 1446 fieri;
1042 1356 1116 1435 nod
1137 1364 1182 1430 ad
1200 1388 1263 1432 ve-

150 1469 317 1551 risimilia3
343 1466 389 1540 ἄν
403 1476 437 1536 ct
453 1469 512 1542 κὲκ
527 1469 573 1537 ud
592 1492 651 1554 ea,
677 1491 765 1558 quac
779 1468 917 1535 fortuita
930 1474 1022 1548 sunt,
1047 1468 1067 1537 i.
1089 1489 1119 1538 e.
1138 1489 1180 1534 ex
1198 1469 1262 1535 ali-

151 1595 219 1662 qua
235 1569 426 1639 conditione
440 1572 611 1662 pendent3
636 1572 677 1643 τὲ
693 1572 838 1660 denique
852 1570 897 1638 ad
912 1570 1101 1661 probabilia
1114 1580 1261 1661 spectet:

152 1676 375 1762 dubitantem,
401 1674 430 1742 si
447 1676 530 1756 ἴσως
544 1675 723 1762 adhibeat,
749 1676 795 1742 ita
815 1675 1070 1756 confirmamus3
1102 1695 1175 1742 non
1200 1697 1261 1743 so·

152 1779 228 1848 lum
242 1786 468 1871 potestesse,
495 1779 564 1844 sed
576 1785 653 1858 σείς
677 1778 704 1844 si
721 1771 813 1848 uod:
837 1799 909 1844 noo
923 1778 1040 1845 solum
1055 1777 1261 1865 verisimile,

151 1883 221 1952 aed
233 1902 359 1949 oerum
373 1886 449 1958 est,-
474 1879 501 1945 si
516 1877 562 1949 ἄν
576 1880 631 1946 vel
645 1880 722 1950 ur‘rrt
747 1900 818 1946 oon
836 1879 953 1946 sotum
967 1879 1174 1949 conditione
1190 1882 1262 1949 ali-

151 2007 239 2078 quo,
256 1982 325 2052 sed
340 1981 481 2049 omnino
497 1989 571 2062 σείς
591 1982 618 2048 si
627 1983 675 2063 ,τέ
682 2010 693 2048 .·
706 2003 778 2048 non
792 1982 910 2049 solnm
919 1979 1116 2073 probabile
1130 1993 1166 2052 et
1174 2007 1261 2054 con-

151 2094 380 2173 ocntaoeum,
406 2084 473 2153 scd
492 2084 743 2152 necessarium
766 2093 832 2180 est.

254 2190 335 2258 Non
350 2188 411 2255 abs
418 2210 456 2255 re
467 2186 579 2279 fuerit,
592 2187 679 2258 haec
695 2187 795 2258 etiam
809 2188 876 2256 olio
886 2187 1042 2281 exemplo
1051 2189 1261 2278 confirmare,

151 2290 278 2384 Odyss.
294 2320 329 2366 α.
344 2287 429 2361 19Ί.
1009 2308 1012 2323 “

204 2441 285 2521 ἄλλ’
311 2445 368 2520 ἔτι
392 2468 464 2518 που
490 2437 575 2534 ζωός
599 2438 832 2540 κατερύκεται
860 2441 959 2542 odori·
981 2437 1113 2542 πόντῳ.

153 2601 233 2670 Non
253 2599 364 2691 potuit
385 2595 444 2665 hic
459 2599 515 2685 τέ,
537 2606 595 2666 aut
617 2598 711 2688 quod
725 2599 841 2690 paullo
858 2599 975 2668 fortius
997 2609 1057 2685 cst,
1085 2598 1145 2671 καὶ
1167 2601 1259 2692 poni.

153 2703 230 2771 Hac
253 2703 340 2769 eninr
358 2702 524 2792 particula
540 2701 701 2770 indicaret
715 2701 887 2791 Minerva,
910 2724 979 2770 non
996 2703 1099 2771 modo
1124 2725 1178 2786 se,
1199 2702 1262 2770 sed

153 2807 254 2874 etiam
275 2804 538 2892 Telemachum,
574 2827 676 2893 quem
694 2805 892 2895 alloquitur,
931 2815 1061 2874 tantum
1078 2808 1198 2874 abesse
1223 2815 1262 2872 ut

153 2916 323 2977 mortuum
338 2916 458 2999 putent
480 2908 654 2998 Vlyssem,
679 2916 718 2975 ut
742 2931 820 2975 cum
842 2909 955 2978 vivere
972 2932 1095 3001 parum
1110 2907 1260 2996 dubium,

151 3015 256 3082 immo
268 3011 448 3104 probabile
463 3034 537 3079 esse
553 3011 702 3082 credant.
736 3011 864 3079 Contra
879 3013 906 3079 si
924 3015 1006 3093 ἴσως
1021 3012 1166 3096 dixisset,
1191 3034 1262 3079 non

113 3176 116 3186 .
152 3117 294 3186 multum
309 3115 465 3207 profecto
480 3115 672 3182 contulisset
688 3113 733 3180 ad
747 3115 989 3182 consolandum
998 3115 1260 3183 Telemachum:

152 3243 232 3290 nam
244 3219 319 3311 ipsc
331 3217 466 3299 sciebat,
493 3216 654 3305 quamdiu
671 3239 740 3282 non
757 3225 925 3284 constaret
940 3217 984 3284 de
998 3227 1107 3285 morte
1122 3218 1260 3307 Vlyssis,

152 3323 292 3391 forsitan
306 3321 419 3387 vivere
431 3319 535 3406 illum,
552 3319 651 3385 etiam
662 3318 817 3414 siparum
830 3328 918 3388 esset
930 3320 1119 3390 verisimile.
1148 3320 1260 3388 Multo

153 3425 260 3494 minus
277 3416 442 3513 particula
462 3420 521 3492 κὲκ
539 3420 694 3488 adhiberi
709 3422 828 3512 potuit.
880 3422 931 3489 lta
952 3423 1040 3491 enim
1057 3424 1261 3515 significaret

150 3526 320 3611 Minerva,
347 3546 383 3592 se
405 3523 441 3590 id
457 3546 607 3608 sumere,
633 3533 804 3614 tamquam
819 3525 913 3613 quod
930 3549 1008 3594 casn
1023 3527 1177 3594 occidero
1193 3548 1261 3617 po·

151 3630 271 3712 tuerit,
303 3627 416 3696 vivere
437 3626 611 3716 Vlyssem,
633 3627 747 3694 sinon
768 3629 930 3720 periisset.
983 3630 1088 3712 Quod
1112 3630 1261 3697 Germa-

151 3733 228 3804 nice
244 3731 354 3816 dicas,
379 3752 423 3798 er
447 3727 520 3798 leot
539 3738 634 3798 otwa
652 3729 755 3803 noch.
805 3732 960 3800 Athaco
981 3741 1050 3800 tam
1066 3733 1156 3801 nulla
1177 3734 1260 3800 fuis-

153 3844 205 3906 set
216 3833 412 3922 consolatio,
438 3841 476 3901 ut
490 3833 591 3901 ctiam
604 3833 753 3902 minuere
769 3833 939 3904 debuisset
952 3858 1059 3927 spem,
1081 3859 1169 3926 qnae
1185 3836 1260 3904 Te-

152 3937 309 4011 lemacho
322 3936 506 4005 admodum
522 3938 643 4029 exigua
656 3938 772 4006 relicta
788 3945 870 4006 erat.
920 3938 976 4005 Ex
994 3939 1045 4006 his
1058 3947 1170 4030 patet,
1196 3962 1260 4007 ne-

154 4040 298 4113 cessario
319 4038 482 4107 utendum
503 4041 605 4109 fuisse
622 4040 787 4131 particulo
808 4034 901 4130 nod,
934 4044 1123 4132 quae-quia
1143 4042 1261 4132 prodit

153 4146 343 4216 Minervam
358 4143 536 4212 verisimile
550 4153 671 4241 putare
687 4143 799 4212 vivere
817 4143 987 4239 Vlyssern,
1014 4147 1086 4220 nolu
1099 4146 1259 4220 Telema-

140 4249 258 4323 ¹cltum
272 4246 319 4318 ud
333 4246 486 4318 eamdem
500 4256 614 4349 potest
625 4247 784 4320 fiduciam
798 4247 940 4348 erigere.
