2842 4920
154 358 198 420 24
489 349 547 409 DE
582 344 859 409 Pnn'rlcho
882 341 928 409 dv
1016 339 1026 376 s

96 556 99 560 ’
154 544 377 635 significatur,
402 565 478 626 non,
491 541 711 634 intempore,
737 539 798 608 sed
820 541 854 607 in
876 539 934 624 iis,
961 541 1018 629 qui
1033 539 1186 608 fecerunt
1201 541 1270 608 ali-

149 647 257 739 ·quid,
282 648 432 738 positum
450 654 509 714 est.
561 644 706 739 Legitur
718 644 821 712 hodie
837 642 932 711 Iliad
950 670 981 734 χ.
999 642 1087 711 369.

530 792 635 873 αλλοι
649 797 688 872 de*
703 796 985 927 περίδραμον
943 824 1016 879 νιος
1027 793 1190 890 Ἀχαιῶν

260 907 300 973 οἲ
310 930 369 975 ναι
361 893 570 1000 θηήσαντο
587 929 682 998 φυην
696 928 755 975 ναι
748 897 902 982 εἶδος’
878 895 1013 1000 amede

250 1002 440 1131 Εντορος

155 1160 202 1229 At
227 1160 301 1248 quis
321 1159 377 1227 vel
401 1157 617 1227 mediocriter
639 1162 674 1228 in
699 1160 852 1228 Homero
874 1164 1026 1227 versatus
1048 1159 1137 1227 haee
1159 1158 1272 1227 ferat?

155 1265 245 1330 Nam
261 1263 373 1353 primo
389 1262 447 1334 καὶ
467 1271 501 1328 et
512 1263 780 1354 languidissime‚
807 1272 841 1331 et
865 1271 981 1329 eontra
1003 1285 1132 1329 morem
1146 1272 1272 1352 poetae

154 1364 324 1432 adiectum
345 1373 405 1432 est.
459 1365 562 1449 Quod
583 1369 642 1434 ubi
659 1368 706 1434 sio
722 1367 803 1458 poni
828 1364 979 1448 videtur,
1005 1375 1042 1432 ut
1058 1366 1174 1457 paullo
1194 1375 1272 1432 ante

155 1491 187 1536 v.
206 1466 291 1535 364.
308 1477 342 1535 et
351 1466 445 1538 Iliad.
463 1496 497 1538 α.
516 1466 603 1536 219.
618 1470 666 1538 ibi
679 1463 746 1542 τον
762 1465 835 1557 καί,
862 1468 932 1539 τοῦ
948 1465 1005 1538 καὶ
1020 1492 1088 1536 non
1102 1476 1271 1558 suntpro-

156 1573 292 1639 nomina
307 1572 463 1657 relativo,
489 1571 550 1638 sed
574 1571 857 1658 demonstrativa,
888 1593 1000 1659 neque
1017 1571 1078 1643 καὶ
1099 1572 1146 1638 sic
1165 1571 1271 1638 adne-

156 1675 298 1742 ctendne
312 1675 493 1742 sententiae
504 1697 632 1763 caussa,
648 1675 709 1743 sed
720 1677 786 1743 alio
793 1675 860 1742 fine
868 1674 1036 1746 adiectum
1053 1683 1111 1742 est.
1139 1673 1272 1742 Deinde

155 1801 321 1866 nusquam
343 1778 514 1844 Homerus
534 1773 628 1857 εἶδος
645 1772 781 1872 ἄγητόν
804 1776 905 1863 dixit,
932 1778 996 1843 nisi
1019 1778 1108 1844 forte
1132 1778 1204 1867 quis
1226 1779 1273 1844 ita

156 1881 300 1971 accipiat
321 1877 390 1949 Od.
409 1876 538 1959 ξ.111.
563 1901 631 1968 quo
647 1889 760 1946 tamen
780 1879 858 1945 loco
873 1900 942 1944 non
961 1880 1086 1965 minue,
1113 1903 1215 1968 quam
1237 1882 1273 1947 in

157 1983 307 2067 caeteriS,
325 1981 421 2047 Iliad.
436 2009 462 2054 ε.
482 1977 568 2048 ⁴187.
585 1979 719 2055 0228.
738 2009 775 2052 ω.
791 1978 876 2047 316.
892 1979 926 2047 h.
941 1981 1055 2072 Apoll.
1066 1979 1150 2051 198.
1166 1983 1272 2050 homo

156 2078 358 2182 potiusipee
376 2080 470 2162 εἶδος
490 2076 621 2179 ἀγητος
642 2083 771 2154 dicitur.
821 2083 913 2151 Vera
934 2085 1099 2174 scriptura
1122 2086 1273 2175 praefixa

157 2197 208 2255 est
226 2186 355 2255 scholio
369 2186 423 2253 ed.
441 2184 568 2254 Villois.
587 2185 647 2253 nbi
666 2209 752 2271 non,
777 2194 815 2252 nt
831 2185 983 2274 Heynius
1001 2186 1124 2273 refert,
1151 2193 1191 2257 οἳ
1210 2187 1273 2258 καί

158 2296 188 2376 ἑ,
214 2289 275 2357 sed
291 2296 333 2362 οἵ
341 2289 382 2362 κε’
396 2289 590 2384 e‘scriptum
602 2297 663 2358 est.
697 2289 787 2357 Hine
803 2290 917 2357 locum
931 2287 1025 2356 illum
1043 2290 1091 2358 sic
1106 2312 1179 2358 esse
1193 2310 1271 2357 eor-

111 2434 114 2443 ,
155 2392 337 2486 rigendum
353 2400 468 2484 patet:

123 2540 145 2608 ‘.
261 2547 354 2619 οἵνέ
364 2552 382 2619 ἑ
396 2540 606 2644 θηήσαντο,
635 2540 734 2645 φυήν
748 2532 809 2618 ναὶ
827 2539 1071 2643 εἷδοσοῖγητόν

267 2651 428 2746 Europa.

156 2804 325 2875 Porticnla
344 2804 402 2870 illa
417 2802 473 2869 hic
492 2805 540 2870 ita
561 2825 633 2871 rem
650 2803 781 2895 saepius
796 2802 921 2871 factam
938 2802 1122 2896 signifieat,
1148 2809 1186 2869 nt
1203 2824 1272 2868 non

157 2918 228 2974 tam
243 2906 287 2972 ad
308 2930 364 2991 ea,
391 2929 479 2995 quae
497 2906 677 2998 deinceps,
706 2929 808 2995 quam
825 2907 941 2992 adid,
969 2906 1061 2996 quod
1087 2905 1272 2995 apluribus

159 3011 272 3100 simul,
299 3010 371 3076 eliis
389 3019 490 3098 atque
507 3010 577 3077 aliis
591 3011 718 3078 factum
733 3009 786 3096 sit,
811 3011 986 3078 referatur.
1040 3009 1173 3076 Eadem
1187 3007 1271 3073 ratio

159 3122 210 3181 est
222 3115 402 3182 verborum
415 3114 784 3213 frequentativorum''
747 3140 911 3185 εισεονεν
926 3121 960 3178 et
976 3106 1199 3238 οὐτήσαρκσν
1214 3110 1272 3174 iilo

157 3219 193 3284 in
209 3218 296 3284 ioco.
351 3207 532 3284 Caeterum
544 3238 644 3282 nemo
659 3238 728 3282 non
745 3214 848 3302 videt,
875 3214 1127 3332 particulam
1090 3241 1128 3284 κε
1145 3235 1211 3279 non
1227 3211 1273 3278 ad

158 3340 368 3409 pronomen,
398 3317 459 3384 sed
479 3317 523 3383 ad
539 3319 680 3383 verbum
696 3317 874 3407 pertinere.
925 3317 1059 3383 Nam
1034 3340 1061 3384 si
1082 3337 1273 3406 pronomen

159 3419 456 3488 demonstrativum
475 3419 668 3506 substituere,
694 3429 787 3486 recte
808 3418 919 3503 dicer,
935 3416 1053 3491 ,οὗτοι
1077 3420 1158 3490 δέ’
1140 3411 1272 3512 edoni-

159 3517 273 3595 οαντό
294 3550 343 3594 κε.
396 3522 589 3590 Simillimus
612 3522 837 3589 estPlatonis
858 3522 952 3589 locus
975 3522 1008 3588 in
1039 3522 1143 3611 Apol.
1173 3520 1271 3588 Socr.

37 3617 60 3649 ³
80 3634 82 3638 ‘
158 3623 577 3718 plecentenstein
596 3621 701 3696 οὗτοι
720 3629 756 3697 οἱ
771 3616 967 3719 κατηγόροι
984 3623 1109 3695 πολλοὶ
1124 3650 1184 3694 ναι
1199 3647 1269 3692 πο-

158 3720 224 3802 λον
240 3725 306 3822 ἤδη
327 3719 460 3824 χρόνον
478 3719 778 3852 κοτηγορρνότες,
807 3727 862 3798 ἔτι
888 3726 1003 3798 δὲκαὶ
1027 3731 1064 3799 ἐν
1089 3719 1205 3819 vedeo
1223 3725 1274 3818 τῇ

158 3827 278 3925 ἡλικίᾳ
292 3831 455 3921 λέγοντες
470 3822 561 3925 σρός
571 3826 675 3920 ὑμᾶς,
702 3833 740 3902 ἐν
754 3825 778 3925 ᾖ
789 3826 835 3899 ἄν
843 3822 1037 3921 μάλιστα
1023 3821 1271 3905 επιστσύοατε,

148 3930 321 4020 Ιπαῖδεςν
298 3959 411 4019 οντες,
438 3927 621 4004 dntoed'⁸
600 3930 701 4022 ομοῖν
714 3957 774 4002 ναι
788 3924 977 4026 μειράκια,
1006 3927 1162 4018 οέτεχνῶς
1182 3921 1272 4022 ἐρή-

157 4061 231 4131 μην
246 4033 531 4131 κατηγοροῦντος
550 4029 849 4125 ἀπολογουμένου
869 4025 1025 4112 οοδενός.
1070 4023 1273 4101 Demosthe·
1293 4034 1296 4039 ’

156 4160 217 4206 nes
234 4137 278 4204 de
295 4159 467 4226 coronap
484 4131 866 4253 301,19.άλλ’ὅμως
886 4127 1273 4214 οοιλοιςπωοοτοτου

157 4267 232 4312 οων
252 4231 450 4319 διαπαντος
473 4189 643 4333 ἔδωκεν
625 4264 757 4311 ravenn
778 4240 827 4318 εἰς
851 4234 957 4309 οοὸἐν
978 4265 1022 4326 τη
1010 4230 1161 4320 πόλει,
1189 4233 1272 4308 οἱλλ

159 4340 180 4416 o‘
196 4343 265 4436 μὲν
280 4336 430 4440 γράφων
448 4339 514 4414 οὖν
538 4341 583 4415 niv
595 4341 836 4440 ἐπρέσβευσεν
845 4394 859 4431 ,
888 4367 908 4413 ο
900 4338 963 4414 de*
983 4333 1190 4437 πρεσβεοων
1207 4337 1272 4412 σύν
