2842 4920
477 364 560 429 LIB.
587 365 611 425 1.
658 363 753 425 CAP.
775 367 827 429 13.
1165 366 1209 430 13

94 559 219 628 Refert
241 558 330 625 enim
350 579 424 624 rem
449 565 622 646 tamquam
646 555 790 645 factam,
817 554 896 644 quia
930 561 1023 622 certo
1042 555 1089 622 ita
1112 555 1206 624 futu-

94 687 170 731 rum
191 663 296 729 fuisse
312 659 461 727 iudicare
483 660 563 728 vult.
616 661 674 729 Sic
697 661 796 727 etiam
811 659 993 750 Euripides
1008 660 1042 726 in
1061 660 1207 729 Bacchis

95 791 128 839 v.
151 764 264 833 1309.
286 764 373 832 etin
398 764 481 831 leue
503 760 589 830 353.
617 763 743 848 ,ΝοΙοε
768 764 856 832 haec
878 763 981 831 hodie
1003 765 1139 851 mutari,
1171 773 1208 831 ut

97 892 216 961 spero,
250 868 447 952 Elmsleius‚
473 890 577 955 quem
597 866 675 934 vide
696 867 740 933 ad
757 866 854 939 Med.
870 864 957 934 416.
972 875 1041 940 not.
1064 890 1100 959 p.
1118 863 1204 938 150.

96 972 254 1063 Diphilus
269 969 365 1063 apud
380 969 504 1039 Athen.
518 969 576 1038 lv.
591 992 629 1061 p.
644 966 729 1038 165.
744 971 785 1038 F.

200 1127 237 1196 εἰ
258 1119 312 1219 μή
339 1116 497 1219 συνήθης
524 1119 757 1218 Φαιδίμῳ
719 1154 740 1217 γ
782 1118 975 1217 ἐτύγχανεν

202 1224 223 1300 o‘
249 1226 425 1323 Χαβρίου
450 1220 688 1323 Κτήσιππος,
717 1221 951 1356 είςηγησοίμην

130 1430 133 1435 ¹
202 1325 318 1422 νόμον
345 1325 420 1403 τίν
446 1326 511 1402 οὐκ
532 1327 732 1427 ἄχρηστον,
758 1329 802 1410 cic
829 1330 912 1422 ἐμοὶ
939 1335 1044 1405 δοκεῖ

98 1482 336 1555 Herodotusl.
358 1482 443 1550 181.
458 1484 542 1578 τῇσι
564 1483 602 1555 δὲ
621 1477 754 1577 πύλῃσι
770 1477 924 1580 ταύτῃσι
949 1481 1091 1558 οὐδέν’
1074 1487 1206 1581 εχροίτο

99 1587 207 1657 τοῦδε
224 1593 351 1662 εἵνεκα,
380 1585 439 1659 ὅτι
457 1584 546 1678 ὑπὲρ
562 1587 715 1679 κεφαλῆς
732 1593 768 1657 οἱ
785 1589 926 1676 ε’γίνετο
945 1585 966 1658 o‘
982 1582 1101 1681 νεκρός
1115 1593 1207 1670 διεξ-
1234 1672 1240 1681 ,

100 1683 300 1763 ελαίνοντι.
352 1690 431 1757 Ηοο
452 1688 601 1778 inprimis
624 1689 832 1755 luculentum
854 1689 1047 1780 exemplum
1072 1701 1138 1776 cst,
1166 1713 1207 1757 ex

99 1813 166 1881 quo
185 1814 446 1883 cognoscamus,
474 1791 644 1882 aptissime
659 1789 738 1858 huic
753 1792 885 1882 figurae
900 1792 1013 1858 locum
1034 1815 1123 1880 esse,
1150 1793 1208 1860 ubi

98 1918 170 1962 rem
184 1895 318 1962 minime
339 1896 476 1963 dubiam
492 1895 679 1987 significare
695 1895 859 1965 volumus,
910 1897 999 1962 Nam
1017 1901 1122 1985 quuin
1145 1895 1209 1963 Ni-

99 1998 200 2065 tocris
218 1999 317 2064 cundi
337 2022 373 2066 se
393 2000 554 2066 voluisset
575 2020 677 2089 supra
692 2007 806 2089 portas
822 1999 914 2086 ilias,
940 2001 1128 2067 necessario
1153 2023 1207 2067 su·

99 2125 160 2192 per
183 2102 294 2191 capite
310 2103 404 2170 Darii
419 2103 537 2170 fuisset
553 2124 676 2193 corpus
695 2100 867 2191 mortuae,
894 2103 999 2194 siper
1019 2126 1074 2171 eas
1089 2114 1206 2194 portas

100 2213 213 2273 vectus
234 2214 330 2273 esset

200 2357 314 2426 Vnum
336 2359 389 2429 his
412 2361 537 2428 addam
557 2361 648 2430 aliud
670 2361 768 2428 huius
785 2362 917 2453 figurae
938 2362 1145 2453 exemplum,
1172 2371 1209 2429 ut

100 2461 276 2531 ostendam
292 2486 352 2531 cur
367 2465 472 2533 semel
492 2465 526 2532 iu
543 2489 584 2533 ec
607 2466 765 2534 additum
781 2467 821 2534 sit
845 2463 900 2537 σίν.
954 2467 1016 2534 Est
1035 2465 1117 2532 iilud
1139 2464 1208 2532 De·

99 2560 283 2634 mosthenis
307 2567 353 2635 ad
375 2569 515 2660 Apatur.
538 2592 573 2660 p.
599 2568 686 2654 901,
711 2568 771 2636 13.
805 2570 964 2661 γενέσθω
994 2564 1119 2639 τοίνυν
1148 2565 1209 2638 καί

100 2669 210 2742 τοῦτο
235 2667 322 2762 (ίμίν
346 2665 544 2766 τεκμήριον
568 2698 636 2743 που
623 2666 859 2765 ψεύδεσθαι
878 2661 1149 2798 Ἀπατούριον
1176 2671 1212 2741 εἰ

101 2766 167 2867 γοίρ
184 2767 429 2894 ε’νεγαησοίμην
442 2768 511 2867 syc*
523 2768 641 2869 τούτῳ
657 2769 724 2847 τόν
741 2777 999 2870 Παρμένοντα,
1028 2769 1092 2846 οὐκ
1108 2800 1207 2847 εστιν

102 2872 194 2955 ὅπως
208 2869 330 2970 τούτῳ
346 2878 416 2968 μὲν
431 2873 520 2971 α’περ
540 2876 676 2950 ἐκείνου
695 2874 752 2949 οίπ
763 2906 784 2975 η
795 2876 885 2968 xe‘
863 2907 882 2950 ο
893 2905 961 3001 μη
965 2907 1005 2966 ν,
1033 2871 1208 2972 πρόνοιαν

101 2972 318 3070 ποιούμενος
339 2976 433 3061 ὅπως
446 3007 498 3074 μη
491 2973 689 3051 α’πολεῐ
664 3008 688 3050 α
709 2977 759 3052 δι
784 2980 876 3070 ε’μοῦ
892 2974 1013 3099 comp
1029 2981 1208 3075 συνέβαλ-

101 3082 176 3152 λεν
220 3074 395 3161 c6s6c6'
422 3076 583 3175 ε’μαυπόν
617 3081 919 3175 περιεῖδον
895 3109 945 3153 αν
977 3078 1044 3152 ὑπ’
1071 3084 1208 3156 ἐκείνου

101 3178 189 3275 πρός
208 3183 345 3256 τοῦτον
359 3189 397 3258 ἑν
413 3177 519 3281 ε’γγείῃ
535 3178 871 3312 καταλειπόμενον·
892 3183 976 3256 τίνα
994 3174 1069 3306 γοίρ
1082 3185 1208 3259 ἐλπίδα

102 3285 232 3376 ἔσχον
264 3286 401 3410 τοῦτον
424 3281 700 3383 ἀποσχήσεσθαί
726 3314 819 3380 μου,
848 3314 892 3360 ον
913 3282 1023 3368 αὐπδς
1048 3281 1208 3382 ἠναγκα-

101 3415 171 3461 actv
195 3388 316 3485 ἐκείνῳ
338 3419 387 3463 τα
378 3383 534 3463 δίκαια
558 3417 730 3485 ποιησαι
716 3447 727 3482 ,
761 3391 821 3464 παὶ
853 3385 921 3487 τήν
946 3386 1073 3488 ἐγγύην
1094 3387 1208 3467 αὐτόν

101 3462 302 3610 εἰςπροίξας
311 3486 381 3589 τήν
409 3496 457 3574 εἰς
487 3489 555 3590 τήν
585 3487 767 3589 τροίπεζαν
798 3489 887 3591 πρός
912 3491 1137 3584 α’πίχδειαν,
1171 3497 1211 3570 πί
1333 3536 1341 3553 ¹

99 3587 440 3689 προσεδόκων
420 3591 493 3668 οπο
513 3590 649 3670 τούτου
673 3591 1011 3689 αὐτόςπείσεσδαι,·
1036 3596 1189 3664 Dixit'
1145 3627 1210 3671 ουκ

101 3697 200 3769 ἔστιν
216 3693 310 3778 ὅπως
328 3693 439 3780 αίτός
456 3693 618 3791 ἐμαυτδν
639 3698 861 3797 περιεῖδον”
836 3730 881 3773 αν
889 3756 902 3789 ,
931 3702 1025 3790 quia,
1052 3724 1157 3788 quum
1177 3704 1211 3771 iu

100 3822 137 3867 re
155 3808 290 3890 sumpta
305 3801 432 3891 aliquid
445 3802 557 3871 denuc
558 3803 723 3889 sumitur,
748 3804 783 3871 id
802 3827 870 3871 non
884 3812 997 3896 potest
1008 3827 1081 3871 rem
1095 3828 1211 3872 veram
1297 3869 1299 3873 ,

101 3904 294 3995 oppositam
316 3904 461 3993 habere,
495 3907 556 3975 sed
579 3906 723 3974 refertur
747 3907 792 3974 ad
813 3909 929 3975 fictum
950 3908 1041 3997 quid.
1096 3908 1211 3993 Quare

100 4004 156 4074 hic
173 4031 242 4075 uon
257 4002 351 4083 ἄλλοί
369 4014 572 4107 περιεῖδον,
599 4009 675 4078 sed
681 4003 775 4083 οἱλίοί
795 4010 1026 4108 περιεῖδον
1002 4041 1047 4086 αν
1069 4014 1212 4105 opposi-
1268 4026 1270 4030 ‘

101 4116 173 4178 tum
187 4119 248 4180 est

204 4264 310 4349 Quod
330 4288 433 4358 supra
448 4212 621 4353 dicebam,
649 4288 753 4356 quum
768 4288 832 4358 per
848 4267 996 4358 figuram
1011 4266 1224 4354 rhetoricam

103 4367 265 4435 omittitur
278 4366 325 4442 οίν
331 4423 345 4459 ,
371 4369 514 4438 verbum
526 4392 593 4438 uon
613 4392 717 4461 posse
733 4384 802 4440 nou
816 4369 958 4463 proprie
972 4370 1016 4439 dc
1029 4369 1219 4468 praeterito=
