2842 4920
499 368 585 429 LlB.
612 367 651 433 11.
696 368 789 431 CAP.
812 374 843 434 4.
1175 373 1221 434 m

101 566 170 626 net.
224 558 303 626 Nou
317 557 406 626 enim
418 557 467 626 illi
486 558 691 648 deliberant,
717 558 779 627 sed
791 582 865 631 uos.
917 557 1036 630 Omnis
1051 559 1139 628 enim
1155 561 1217 630 de·

101 662 259 729 liberatio
278 683 320 730 eo
333 662 455 751 tendit,
484 672 521 729 ut
536 663 564 730 is
581 663 673 754 ipse,
700 664 757 753 qui
772 663 952 747 deliberat,
979 665 1093 755 capiat
1105 665 1216 733 consi-

101 765 195 832 lium.
250 764 319 850 Qui
339 765 367 833 si
393 766 474 833 alios
490 764 560 833 hoc
574 766 697 854 verbo,
723 789 792 856 quo
815 790 889 834 sese
908 766 1096 836 deliberare
1111 769 1216 860 signi-

101 871 194 956 ficat,
221 869 413 958 alloquitur,
435 877 565 936 tantum
582 871 678 937 abest
688 878 726 937 ut
746 893 803 937 eos
823 870 868 937 ad
882 869 1075 938 laciendum
1091 870 1217 941 exhor-

102 982 211 1058 tetur,
236 981 274 1039 ut
288 971 438 1040 nondum
452 996 496 1040 an
512 995 571 1041 cos
590 972 757 1040 exhortari
776 972 900 1040 debeat
916 974 978 1041 sibi
995 983 1148 1042 constare
1162 974 1216 1043 in-

102 1075 205 1146 dicet.
238 1074 310 1142 Fac
326 1077 414 1143 enim
427 1077 590 1165 aliquem,
617 1076 676 1165 qui
688 1076 770 1144 alios
785 1076 937 1162 irevelit,
965 1076 1078 1145 dicere
1095 1080 1213 1150 ἴωσιν·

103 1178 188 1268 quid
204 1177 294 1246 dicet
314 1179 423 1265 aliud,
450 1202 571 1268 quam,
599 1177 856 1272 ego'delidero
880 1204 930 1249 uu
953 1180 1215 1265 illuminem,

101 1282 122 1350 i.
142 1304 171 1350 e.
195 1282 348 1374 πέμφως
372 1283 420 1350 At
438 1305 520 1350 num
538 1285 586 1351 ita
606 1283 670 1349 hos
686 1283 817 1352 iusserit
836 1283 913 1376 ire?
939 1281 1091 1353 Minime.
1144 1284 1216 1353 Sed

102 1384 148 1452 de
165 1407 202 1451 se
223 1385 299 1475 ipso
320 1385 347 1452 si
368 1384 449 1452 dicit
466 1389 528 1471 ἴω,
555 1395 614 1453 aut
636 1386 681 1453 de
701 1387 759 1472 iis,
785 1409 930 1474 quorum
948 1388 1021 1477 ipse
1045 1410 1129 1455 unus
1154 1399 1215 1472 est,

102 1489 239 1579 ἴωμεν,
265 1497 358 1555 recte
374 1487 465 1556 dicet
485 1489 588 1574 illud,
615 1490 694 1576 quia
709 1491 743 1556 in
763 1489 866 1579 ipsius
882 1490 1053 1558 voluntate
1067 1494 1216 1582 positum

102 1600 174 1679 est,
203 1591 340 1680 exsequi
355 1592 408 1677 id,
436 1591 565 1680 dequo
584 1591 757 1660 deliberat.
809 1594 929 1681 anue
950 1616 989 1659 re
1007 1593 1135 1661 factum
1155 1605 1215 1678 est,

101 1702 141 1760 ut
157 1694 387 1762 coniunctivus
402 1695 458 1762 ille
476 1694 730 1781 deliberativus,
756 1696 814 1762 ubi
827 1696 956 1787 primae
972 1719 1139 1786 personae
1154 1708 1215 1786 est,

101 1798 149 1864 ita
173 1797 329 1887 usurpari
355 1800 480 1889 possit,
521 1808 558 1867 ut
580 1800 648 1867 vim
677 1798 806 1867 habere
832 1798 986 1866 videatur
1006 1798 1215 1888 exhortandi,

102 1922 208 1988 quam
221 1923 341 1967 revera
362 1924 430 1968 non
445 1902 552 1970 inesse
566 1903 601 1968 in
614 1925 674 1986 eo,
702 1901 763 1971 sed
780 1904 923 1994 proprie
945 1902 1026 1970 nihil
1042 1904 1104 1970 nisi
1127 1903 1215 1972 deli-
1328 1907 1332 1916 ’

101 2004 311 2071 berationem
331 2006 510 2089 contineri,
542 2006 627 2073 illud
652 2005 811 2093 ostendit,
839 2005 934 2093 quod
956 2029 1060 2097 saepe
1088 2007 1214 2075 cohor-

102 2106 196 2173 tandi
219 2107 361 2175 verbum
387 2107 557 2178 adiicitur:
588 2118 626 2176 ut
654 2104 739 2204 φέρ’
763 2110 845 2194 ἴδω,
872 2116 906 2176 et
933 2110 997 2177 alia
1019 2109 1213 2180 huiusmodi

101 2210 248 2302 plurima
265 2211 359 2304 apud
367 2211 628 2304 Aristophanem
637 2213 798 2302 aliosque.
814 2213 1004 2282 Homerus:

153 2377 237 2456 ἀλλ’
255 2380 321 2475 ἄγε
338 2375 383 2479 δή
397 2377 447 2457 νεῖ
462 2379 627 2481 χρήματ’
642 2378 838 2480 αριθμήσω
855 2384 916 2457 καὶ
932 2386 1076 2476 ἴδωμαι.

153 2481 236 2558 ἀλλ’
250 2483 315 2579 ἄγε
329 2479 375 2583 δή
389 2488 549 2580 στέωμεν
565 2485 626 2559 ναὶ
639 2483 876 2579 ἀλεξώμεσθα
890 2490 1072 2579 μένοντες.

102 2656 142 2725 ld
162 2680 249 2750 ergo
271 2659 432 2726 omissum
452 2659 565 2751 potius
586 2658 794 2727 censendum
813 2669 880 2748 est,
907 2658 966 2726 ubi
981 2659 1070 2726 solus
1085 2660 1214 2751 positus
1266 2666 1271 2687 '

103 2769 153 2829 ost
169 2762 407 2848 coniunctivus,
434 2785 537 2851 quam
549 2762 605 2830 hic
619 2763 787 2854 putandus
800 2786 919 2832 revera
934 2761 1132 2830 exhortandi
1146 2788 1215 2856 po-

102 2874 259 2933 testatem
290 2865 428 2933 habere.
480 2867 592 2934 Rarus
616 2866 673 2933 hic
694 2869 729 2933 in
749 2869 923 2960 singularis
946 2868 1077 2934 numeri
1104 2869 1216 2959 prima

101 2991 250 3059 persona
267 2970 494 3037 coniunctivus
510 2979 578 3056 est,
605 2992 674 3037 nou
691 2969 807 3038 addito
825 2972 914 3068 φέρε
935 2978 993 3038 aut
1015 2967 1089 3062 ἄγε.
1139 2971 1214 3040 Eu-

100 3072 228 3165 ripides
243 3073 381 3146 Heracl.
395 3069 483 3139 558.

154 3242 278 3337 σαφεῖς
291 3235 460 3324 κελεύεις·
487 3235 541 3340 μή
558 3243 684 3339 τρέσῃς
700 3235 912 3337 μιάσματος

152 3340 300 3438 τούμοῦ
311 3351 530 3438 μετασχεῖν,
558 3341 639 3420 a’u’
653 3347 851 3443 ἐλευθέρως
863 3339 980 3419 θάνω.

100 3517 146 3585 Vt
167 3539 237 3584 non
259 3541 333 3587 esse
355 3518 525 3606 videatur,
555 3541 660 3606 quare
684 3519 856 3614 παρέλθω
879 3511 1014 3610 δόμους
1035 3517 1070 3586 iu
1087 3516 1216 3587 Medea

100 3643 133 3689 v.
152 3616 265 3689 1275.
292 3644 370 3689 cum
392 3623 575 3706 Elmsleio,
602 3622 657 3713 cui
675 3623 703 3690 is
721 3630 772 3689 est
793 3645 824 3692 v.
845 3619 958 3688 1242.
975 3622 1217 3713 interrogative

100 3722 229 3791 dictum
242 3734 390 3816 putetur.
442 3728 563 3794 Rarius
587 3726 705 3812 etiam,
730 3724 847 3792 addito
863 3725 1001 3815 quidem
1015 3726 1123 3818 φέρε,
1151 3725 1217 3793 alia

98 3849 246 3919 persona
272 3828 307 3897 in
335 3830 467 3922 primae
492 3831 608 3899 locum
636 3829 859 3916 substituitur,
898 3828 997 3901 utin
1025 3827 1216 3899 Philocteta

100 3953 131 3999 v.
148 3929 237 3998 300.

152 4097 261 4199 φέρ’,
289 4098 482 4187 uicturos,
511 4103 576 4179 νῦν
593 4103 654 4176 καὶ
669 4098 717 4177 cd
734 4103 799 4202 τῆς
812 4097 924 4201 νήσου
940 4099 1074 4199 μα’θφς.
1192 4130 1193 4133 ’

100 4272 311 4344 correctoris
326 4287 378 4345 est
389 4271 492 4370 μάθε
512 4278 548 4344 in
561 4277 638 4346 cod.
653 4276 739 4344 Ven.
792 4275 916 4346 Sensus
930 4284 980 4343 est
994 4275 1099 4362 enim,
1127 4277 1215 4372 φέρε

101 4379 189 4451 εἴσω
207 4378 275 4453 νῦν
292 4374 342 4453 aa*
364 4379 429 4476 τῆς
451 4374 574 4475 νήσου.
630 4380 811 4451 Caeterum
831 4387 929 4471 patet
949 4378 1006 4446 hic
1025 4400 1103 4446 usus
1130 4402 1214 4447 con-
