2842 4920
224 392 290 457 854
477 383 771 445 lncnuniuuuvn
796 383 908 444 LIBER
928 381 1082 444 PRIMVS.

226 600 295 671 que
317 575 462 644 obscura
484 583 569 644 sunt
621 575 711 643 Nam
730 596 789 664 qur
777 573 889 642 loeis
904 570 1141 657 dissociantur,
1166 571 1340 641 dissociari

227 703 331 773 quum
360 679 533 747 animiret
497 677 670 747 etstudiis
696 686 853 777 possunt
882 685 954 744 tum
977 678 1005 745 si
1027 677 1113 745 alter
1134 675 1179 745 de
1203 677 1339 745 alterius

227 784 342 854 animo
360 791 462 874 atque
474 781 703 875 propensione
719 781 754 848 in
773 803 810 849 se
826 779 981 849 dubitare
1000 780 1125 873 incipit.

330 933 407 1008 vu.
457 931 577 1003 P..14
629 931 697 1020 „P.
719 929 858 1006 259.
835 959 954 1024 ονομα
973 959 1014 1025 γι
1038 958 1113 1031 μην
1134 926 1277 1025 οἷμφοῑν
1298 929 1339 1003 ἓν
1415 964 1416 967 “

229 1036 288 1111 καὶ
304 1030 350 1111 τό
371 1029 485 1125 αὐτο,
513 1027 705 1132 ἐπιτάφιος
726 1033 839 1116 οὕτως
855 1029 1134 1127 ὀνομαζόμενος.
1167 1032 1229 1104 ubi
1251 1042 1340 1102 ante

229 1133 429 1234 ἐπιταφιος,
446 1139 585 1232 opinor,
604 1167 623 1212 ο
615 1136 785 1210 excidit.
788 1144 809 1179 “
818 1138 882 1206 Et
893 1138 1010 1231 paullo
1021 1147 1155 1268 postt„
1158 1137 1200 1206 P.
1212 1135 1298 1205 247.
1308 1160 1338 1205 s.

229 1242 371 1336 iegitur·¹
393 1239 635 1332 ἐπιδαλόμιοι
651 1239 766 1323 οὕτως
780 1243 1107 1333 ἐπιγεγραμμέναις
1119 1245 1199 1321 ταῖς
1217 1236 1336 1335 φ’δαῑς.

236 1347 326 1419 Cod.
343 1353 470 1414 noster
486 1338 785 1441 ἐπιγραφόμενος.
821 1342 1069 1413 Scribendnm
1086 1342 1205 1437 igitar·
1220 1339 1242 1416 ό
1257 1346 1338 1417 ἑπι-

230 1442 415 1542 δαλόμιος
431 1444 543 1526 οὕτως
564 1441 854 1541 ἐπιγραφόμενος
872 1453 951 1527 ταῖς
974 1443 1130 1541 φ’δαῖς.“
1180 1445 1338 1536 Dionysii

226 1550 315 1619 haee
332 1551 438 1620 verba
454 1559 547 1618 sunt:
575 1545 618 1644 ἦν
633 1549 701 1641 μὲν
719 1544 784 1622 otiu
801 1547 860 1622 νἀὶ
873 1543 975 1644 παροῖ
989 1553 1146 1644 Σαπφοῖ
1160 1547 1224 1644 τῆς
1240 1549 1339 1639 ἰδέας

228 1647 363 1751 ταύτης
385 1651 684 1747 παραδείγματα,
717 1646 962 1742 ἑπιδαλόμιος
983 1648 1096 1732 οὕτως
1116 1656 1338 1744 ἐπιγεγραμ-

227 1757 355 1848 μόναις
368 1761 447 1835 ταῖς
464 1751 582 1850 ςδδαῐς.
633 1753 804 1840 Mirabar,
831 1755 930 1823 adiici
950 1754 1125 1838 articuloS,
1152 1754 1211 1843 qui
1235 1754 1263 1821 si
1285 1753 1338 1821 le-

229 1868 390 1950 gerentur
412 1858 446 1925 in
468 1858 577 1942 libris,
608 1855 742 1928 delendi
766 1868 893 1944 essent,
927 1859 1006 1948 quia
1035 1880 1173 1950 prorsus
1203 1856 1360 1954 legibus¹

228 1961 364 2055 linguae
382 1969 583 2053 repugnant.

331 2113 424 2181 Vlll
457 2112 496 2181 P
517 2111 552 2181 8.
587 2113 698 2200 „Pro
721 2140 762 2206 γε
783 2104 830 2184 νδ
849 2105 1082 2206 ἀνθρώπειον
1106 2110 1260 2202 suspicor
1283 2111 1338 2180 le·

228 2215 393 2309 gendnm
412 2217 511 2305 γένος
526 2242 569 2287 το
563 2208 831 2335 α’νδρόπειον.
843 2220 865 2258 “
917 2214 1127 2283 Adnotatum
1143 2213 1279 2306 reperio
1301 2215 1337 2282 in

229 2317 362 2386 schedis
376 2317 477 2396 meis,
504 2324 563 2383 aut
578 2344 622 2389 νο
615 2308 874 2411 ανθροόπινον
890 2319 1008 2438 ys'noc,
1035 2326 1094 2386 aut
1114 2310 1160 2390 ιδ
1173 2310 1337 2408 γένοιτό

228 2413 466 2540 α’νδροόπινον
497 2419 712 2487 scribendum
731 2418 848 2488 videri.
910 2420 997 2489 Εο
988 2443 1064 2512 rpse
1081 2421 1115 2489 in
1138 2421 1336 2489 societatem

229 2525 349 2591 erroris
368 2523 455 2591 veni.
508 2524 596 2591 Nam
609 2522 791 2613 Dionysius
803 2546 838 2615 p.
857 2520 953 2607 236,
979 2522 1032 2593 'i-
1041 2532 1222 2617 postquam
1238 2546 1335 2591 com-

227 2627 360 2718 paravit
380 2626 583 2694 connubium
606 2625 781 2694 hominum
803 2649 880 2693 cunr
900 2650 988 2719 vaga
1002 2627 1136 2695 Venere
1156 2628 1335 2695 brutorum

227 2729 436 2813 animalium,
463 2729 611 2819 dixitque
632 2730 721 2798 vitae
741 2752 783 2796 ex
804 2752 846 2797 eo
867 2730 993 2799 cultum
1016 2741 1119 2820 atque
1143 2729 1335 2797 humanita-

227 2841 297 2899 tem
323 2854 396 2899 esse
423 2840 592 2918 exortum,
620 2832 666 2900 sic
689 2833 819 2925 pergit:
845 2859 904 2904 ιιαι
922 2832 982 2907 ὅτι
1005 2826 1186 2930 δνφδδν
1163 2861 1205 2906 ον
1226 2861 1267 2926 γι
1289 2825 1335 2905 νδ

165 2926 168 2935 ’
227 2927 490 3064 α’νδριδπειον,
520 2937 556 3006 ἐκ
586 2935 693 3031 ιῆςγ
678 2935 753 3026 αξ
743 2962 804 3016 ως
826 2963 884 3006 ναι
909 2964 1095 3015 κοινωνιας
1116 2961 1184 3007 του
1208 2930 1332 3027 γόμον

228 3031 422 3109 αθόνατον
447 3037 591 3128 γεγονεν
626 3041 662 3111 in
684 3039 747 3133 τῆς
768 3040 937 3135 διαδοχῆς
959 3039 1032 3112 τοῖν
1055 3039 1333 3168 intraveramus,

228 3135 340 3234 ὥςπερ
366 3140 439 3260 φφῖς
462 3132 721 3262 α’ναπτόμενον
735 3168 793 3212 ναι
786 3138 987 3232 διαμένον
1002 3142 1063 3265 nai
1075 3166 1152 3221 τοις
1170 3145 1332 3233 ε’πιγινο·

225 3242 348 3331 μόνοις
361 3242 407 3337 τῇ
422 3235 585 3361 γεννήσει
605 3269 672 3315 τοο
659 3236 889 3337 ανθρώπου
912 3242 972 3317 ναι
985 3237 1130 3341 μήποτε
1145 3238 1332 3335 annoten-

175 3336 392 3434 15νόμενον
455 3344 573 3426 Qui
548 3368 576 3413 ει
602 3347 702 3437 γένος
730 3346 933 3438 scripsisset,
976 3346 1155 3440 dupliciter
1183 3345 1332 3414 absurda

227 3444 365 3512 diceret.
416 3446 506 3513 Nam
521 3447 621 3514 etiarn
634 3449 815 3516 bestiarum
829 3471 935 3540 genus
950 3474 1015 3542 per
1034 3473 1251 3542 corporum
1235 3470 1332 3517 oom-

224 3548 442 3616 mixtionem
434 3572 468 3616 ιιι
486 3550 597 3617 omnia
612 3553 726 3618 secula
740 3562 970 3644 propagatur:
997 3576 1083 3644 quae
1098 3562 1211 3620 autern
1225 3574 1331 3644 porro

224 3650 452 3734 additasunt,
475 3662 629 3744 apertum
646 3664 778 3722 estnon
801 3655 844 3722 de
858 3678 1003 3747 genere,
1031 3656 1093 3724 sed
1114 3656 1157 3725 de
1173 3654 1332 3722 humani-

223 3762 292 3822 tate
310 3755 517 3845 praedi'cari,
543 3780 631 3845 quae
650 3767 822 3846 tamqnam
840 3758 956 3827 lumen
975 3759 1208 3828 inexstinctum
1230 3766 1331 3849 post-

116 3910 119 3914 .
222 3859 344 3946 genitis
365 3857 526 3930 tradatur.
578 3859 657 3929 Hoc
684 3861 772 3930 euim
797 3860 949 3930 homines
974 3887 994 3930 a
1016 3863 1128 3930 bestiis
1156 3859 1330 3945 differunt,

222 3960 316 4046 quod
334 3959 522 4030 humanitas
546 3985 614 4032 non
635 3965 702 4031 vita
723 3966 882 4052 cuiusque
902 3966 1158 4056 circumscripta
1182 3972 1234 4034 est
1250 3986 1330 4032 cum

223 4082 332 4150 eaque
354 4065 486 4150 interit,
509 4064 569 4132 sed
593 4068 709 4135 transit
726 4067 770 4135 ad
792 4079 947 4159 posteros
968 4078 1177 4160 acceptaque
1201 4067 1329 4135 abillis

186 4229 188 4233 .
220 4163 320 4232 alitur
350 4174 452 4255 atque
479 4170 639 4258 augescit.
699 4162 754 4240 Ex
786 4194 854 4262 qno
878 4179 974 4264 patet
1005 4171 1187 4241 delendum
1213 4171 1329 4262 potius

219 4265 303 4335 illud
317 4295 375 4360 γε,
402 4290 504 4358 quam
520 4269 554 4336 iu
569 4271 669 4362 γένος
685 4275 882 4342 mutandum
896 4298 978 4344 esse.
