2842 4920
152 357 215 420 loo
488 353 546 415 DE
580 353 849 417 Plumcvnn
879 349 927 418 ἄν

256 543 437 613 Caeterum
448 544 535 613 haec
551 545 681 614 iteratio
697 546 882 637 particulae
897 545 1061 639 inprimis
1079 546 1201 616 usitata
1213 556 1266 616 est

153 649 282 721 Atticis.
335 648 459 717 Rarius
486 649 650 717 iuvenitur
677 649 770 742 apud
794 650 1026 738 Herodotum,
1061 673 1140 718 raro
1169 650 1265 745 apud

153 754 289 846 epicos,
313 759 351 819 ut
368 750 494 843 Odyss.
507 756 537 825 d.
555 750 641 823 733.

254 902 307 999 τῷ
332 933 370 979 κε
395 899 485 997 μάλ’
511 903 536 1002 ἥ
560 934 620 980 κεν
647 908 776 999 ἔμεινε.

152 1059 225 1130 Sed
249 1059 338 1154 epici
359 1058 450 1127 aliud
470 1058 531 1128 sihi
549 1061 728 1154 proprium
748 1061 897 1147 habent,
929 1067 967 1129 ut
987 1060 1195 1155 coniungant
1218 1059 1266 1135 ἄν

151 1190 220 1239 κον.
272 1160 516 1236 lliad.v.127.

318 1314 360 1397 cic
386 1312 469 1389 οὔτ’
496 1313 542 1389 ἄν
567 1344 626 1391 κεν
646 1315 762 1414 ’Ἁρης
788 1310 962 1391 ὀνόσαιτο
988 1309 1201 1411 nutstede,

256 1416 343 1494 οὔτε
358 1414 393 1491 κ’
407 1415 590 1517 Ἀθηναίη
608 1415 795 1502 λαοσσόος.

41 1574 45 1591 “
153 1574 251 1659 Quae
264 1580 360 1666 patet
375 1572 421 1640 ob
439 1573 628 1665 negationis
646 1576 873 1645 accessionem
888 1595 962 1643 esse
980 1573 1168 1642 coniuncta.
1207 1572 1267 1644 Sic

152 1679 253 1746 etiam
269 1675 448 1769 Oppianus
462 1676 542 1751 Hal.
558 1677 618 1748 lv.
635 1676 723 1747 6⁰2.

425 1900 429 1909 .
860 1826 947 1905 οὐδέ
956 1857 1017 1903 aso
1031 1826 1078 1902 ἄν
1097 1854 1154 1909 τις

251 1930 380 2032 ἐσβαίη.

149 2088 192 2160 V.
205 2084 292 2160 367.
886 2074 1164 2158 nottestane

254 2234 455 2332 οἱντόμσαοι
471 2239 672 2338 σρίσσειαα.

151 2394 305 2488 Scriptor
320 2394 531 2465 Lithicorum
545 2417 576 2467 v.
591 2392 677 2464 247.

254 2544 343 2624 οὐδέ
352 2576 414 2623 κον
428 2547 475 2623 σία
491 2545 611 2644 γνοίης
624 2547 729 2642 αίρας
745 2541 889 2641 ἀτρεκὲς
904 2541 927 2642 ἢ
943 2540 1047 2627 λίθος
1061 2543 1172 2620 ἐστίν.

150 2705 198 2773 Et
216 2700 289 2782 πῶς
310 2728 371 2774 κον
395 2699 441 2772 civ
462 2700 632 2766 Maximus
651 2722 683 2770 v.
703 2697 789 2785 ΖΠ.
813 2706 847 2764 et
861 2694 920 2768 καί
943 2691 978 2771 δ’
1003 2696 1049 2772 <tv
1064 2728 1102 2772 κε
1123 2724 1156 2768 v.
1176 2699 1263 2776 3⁰3,

151 2807 244 2893 Quin
262 2805 362 2872 etiam
378 2825 455 2870 cum
470 2802 682 2870 coniunctivo
699 2803 746 2870 ita
760 2801 968 2892 coniungunt
983 2799 1029 2875 σία
1045 2830 1120 2893 κεν,
1145 2812 1185 2872 ut
1198 2804 1266 2874 hae

150 2909 336 3002 particulae
349 2929 415 3000 pro
431 2928 498 2974 una
514 2906 596 2993 sint,
623 2904 717 2996 quod
737 2927 778 2974 eo
799 2905 927 2972 factum
945 2914 1046 2996 puto,
1073 2908 1152 2997 quia
1167 2935 1207 2981 aa
1224 2918 1266 2977 ex

149 3012 210 3087 sai
223 3020 341 3082 natum
354 3018 413 3078 est.
466 3011 636 3080 Homerus
654 3009 792 3100 quidem
805 3010 840 3077 in
859 3008 1006 3077 formula
1030 3004 1119 3107 ὄφρ’
1135 3009 1183 3083 σία
1194 3012 1265 3105 μία

150 3145 220 3193 usu.
247 3114 344 3189 Iliad.
361 3119 393 3188 ί..
409 3111 496 3184 187.

254 3264 344 3365 ὄφρ’
361 3265 407 3340 σ’ίν
425 3266 493 3358 μέν
513 3291 572 3336 aso
588 3262 660 3361 ὁρᾷ
674 3259 933 3357 Ἀγαμέμνονα
940 3319 955 3354 ,
981 3264 1139 3357 ποιμένα
1155 3266 1262 3341 locis.

150 3419 238 3490 Vide
259 3418 328 3490 Od.
345 3446 373 3492 s.
392 3415 478 3488 361.
500 3412 627 3503 ζ.259.
680 3417 739 3485 Sic
756 3415 800 3511 ἦα
814 3445 871 3501 κε,
899 3410 987 3514 ἐπήν
1008 3446 1047 3493 κο
1064 3429 1262 3489 construxe-

150 3533 228 3593 runt
237 3521 438 3614 Apollonius
451 3519 618 3605 Rhodius,
632 3520 848 3604 Theocritus,
866 3519 1044 3590 Manetho.
1071 3522 1113 3591 V.
1130 3523 1263 3593 Sohae-

16 3696 19 3703 ,
151 3629 215 3701 fer.
237 3626 282 3694 ad
298 3623 447 3696 Theocr.
465 3624 605 3692 XXVII.
623 3619 682 3690 35.
716 3624 804 3692 lllud
826 3618 914 3720 ἐπήν
938 3652 998 3697 κον
1019 3626 1264 3696 restituendum

152 3731 271 3811 ,Soloui
286 3728 378 3822 apud
394 3728 613 3797 Plutarchum
632 3729 666 3796 in
677 3727 755 3796 Vita
772 3729 842 3795 eius
856 3751 885 3795 c.
901 3727 937 3802 2.

254 3832 404 3901 Multum
421 3833 464 3901 ab
487 3831 539 3900 his
555 3831 670 3900 differt
683 3833 889 3925 geminatum
906 3830 970 3921 σία,
998 3830 1092 3922 quod
1113 3831 1264 3902 Elmsle-

152 3939 202 4006 ius
220 3937 265 4004 ad
277 3937 442 4028 Aeschyli
458 3937 573 4009 Prom.
592 3933 679 4009 ⁸668.
702 3937 775 4004 iure
790 3935 931 4029 negavit·
947 3937 1160 4005 coniunctivo
1178 3932 1265 4004 c'on·

152 4040 281 4113 sociari.
336 4039 408 4108 Gur
431 4039 538 4109 vero?
571 4039 677 4126 Quia,
710 4049 747 4107 ut
770 4041 857 4110 libro
880 4039 922 4110 ll.
945 4039 1169 4124 ostendimus,
1206 4040 1265 4109 hic

152 4143 274 4212 modus
292 4144 388 4211 verbi
402 4165 471 4211 non
490 4166 555 4233 per
574 4167 612 4211 se
634 4143 790 4212 adsciscit
805 4141 869 4228 σίν,
896 4142 957 4211 sed
984 4142 1029 4215 σία
1049 4144 1198 4236 pertinet
1219 4143 1263 4212 ad

151 4271 271 4316 vocem
290 4268 336 4315 ex·
347 4269 415 4337 qua
428 4246 558 4339 pendet
575 4248 809 4316 coniunctivus.
862 4247 971 4315 Huius
985 4248 1078 4315 vocis
1094 4270 1136 4316 ea
1148 4251 1263 4341 parti-

154 4351 229 4420 cula
252 4350 474 4445 significatum
498 4374 602 4441 quum
622 4360 747 4439 mutet,
779 4349 860 4419 nihil
884 4352 991 4420 estin
1016 4351 1074 4419 tali
1100 4353 1263 4422 sententia
