2842 4920
280 345 333 407 DE
350 345 685 412 msculuutouluvs
708 347 937 423 Qvluvsollu
955 348 1138 415 GRAECI&
1195 355 1262 420 ala
1291 414 1301 427 ,

149 537 311 630 forsitan,
336 537 397 629 qui
417 537 727 632 mythologicorum
748 541 984 632 mysteriorum
1005 540 1180 612 thesauros
1203 566 1261 613 re-

152 641 287 730 cludat,
321 643 478 735 exempla
499 644 709 736 sepultorum
732 643 893 713 deorum:
925 645 987 713 sed
1012 655 1125 715 tamen
1151 648 1259 716 nemi-
1398 629 1401 647 ¹

151 769 252 834 nem,
278 747 336 837 qui
347 769 429 814 sana
448 755 561 815 mente
578 745 637 833 sit,
657 747 725 816 tole
740 747 824 838 quid
837 748 900 816 sibi
912 771 1169 841 persuasurum,
1197 751 1258 821 sed

151 851 267 942 potius
288 849 517 918 confessurum
538 872 731 943 speramus,
756 852 902 944 pessime
923 852 1017 920 abuti
1038 864 1110 922 arte
1134 854 1258 942 critica,
1392 895 1396 900 π

153 953 184 1021 si
204 961 317 1022 tamen
340 952 429 1021 haec
452 961 503 1023 est
529 977 584 1022 ars
608 953 739 1040 critica,
771 977 1005 1045 summamque
1030 955 1144 1026 facere
1171 958 1260 1027 iuiuss

153 1057 256 1146 riam,
292 1057 351 1147 qui
374 1067 493 1148 aperte
518 1057 666 1126 absurda
693 1059 728 1125 in
749 1059 928 1150 scriptores
955 1060 1086 1131 inferat
1145 1063 1258 1149 Atque

153 1157 212 1228 hic
232 1160 372 1251 quidem
392 1161 474 1250 quid
493 1149 611 1229 verum
631 1170 721 1230 esset
740 1170 809 1230 tam
834 1163 934 1231 facile
956 1173 1028 1232 erut
1043 1163 1195 1250 inventu,
1221 1173 1259 1233 ut

154 1263 343 1332 mirandum
359 1264 401 1332 sit
412 1263 587 1355 quomodo
598 1265 703 1334 latere
717 1265 884 1358 potuerit,
911 1266 940 1333 si
950 1256 1007 1335 vel
1018 1258 1259 1336 leviteratten-

155 1385 290 1456 ossen
356 1385 461 1477 caps
496 1367 617 1474 uaso,
639 1378 641 1385 '
661 1360 1258 1461 rnomnnnurmnuom

154 1507 302 1575 Litterae
321 1505 474 1575 inversae
493 1505 579 1579 m
599 1514 633 1575 et
648 1503 742 1595 quod
761 1503 912 1593 sequitur
928 1504 1044 1594 Epor
1064 1528 1258 1576 communes

154 1610 258 1679 lineas
273 1612 308 1678 iu
332 1625 435 1679 unam
455 1620 532 1678 sunt
551 1611 698 1702 liguram
722 1615 871 1676 coactae.
912 1607 1019 1695 Atqui
1034 1612 1078 1681 N
1090 1610 1259 1678 inversum

154 1714 256 1782 etiam
282 1715 317 1781 in
349 1721 470 1803 quarto
493 1735 592 1782 versu
614 1712 713 1781 huius
736 1709 849 1779 lateris
874 1709 1056 1800 invenitur,
1090 1735 1258 1804 nusquam

153 1856 236 1903 vero
243 1841 296 1911 W
309 1855 375 1926 pro
389 1835 450 1923 M,
466 1833 583 1907 sedus
592 1834 718 1924 ubique
730 1853 795 1926 pro
807 1830 851 1904 Ω
866 1811 1024 1922 positum.
1050 1831 1106 1900 Ex
1119 1855 1189 1922 quo
1202 1857 1258 1901 se-

152 1938 277 2028 quitur,
295 1939 388 2006 idem
403 1936 461 2005 hic
475 1958 612 2027 quoque
626 1938 756 2008 factum
769 1956 853 2023 esse,
869 1932 1032 2023 quodque
1050 1958 1129 2004 cum
1137 1935 1186 2009 dl*
1195 1937 1258 2005 ista

153 2042 264 2133 figura
290 2042 418 2132 scripto
446 2039 606 2109 cohaeret
627 2044 681 2129 E,
723 2039 812 2108 male
837 2037 980 2123 lectum,
1013 2060 1082 2106 nou
1104 2040 1144 2109 E
1172 2063 1257 2127 esse,

105 2173 110 2182 ·
153 2144 217 2214 sed
231 2149 280 2216 2.-
329 2145 388 2213 Sic
399 2144 565 2212 habemus
583 2135 896 2230 ΤΕΟΝΩΣΑΝ,
923 2139 1018 2231 quod
1033 2142 1107 2231 quis
1122 2164 1191 2210 nou
1204 2132 1259 2212 vi·¹
1394 2190 1397 2195 -

153 2246 235 2315 deat
252 2247 553 2322 ΤΕΘΝΩΣΑΝ
567 2271 658 2336 esse,
684 2268 772 2339 quae
791 2245 977 2317 communis
996 2244 1108 2333 forma
1123 2252 1174 2314 est
1192 2269 1258 2340 pro

152 2351 226 2437 illa,
252 2372 355 2441 quam
373 2351 547 2420 Atticistae
561 2361 599 2420 ut
617 2352 799 2445 probatam
813 2348 1067 2434 commendant,
1092 2350 1259 2423 τεθνεῶ-

153 2453 247 2528 oos?
277 2453 407 2523 Moeris
421 2475 458 2545 p.
472 2452 558 2521 449.
573 2449 730 2532 cedeonis
743 2455 806 2526 sol
823 2452 1014 2524 rotradum
1032 2451 1260 2549 διῃρημένως.

154 2556 226 2625 Sed
241 2578 309 2625 non
328 2579 471 2649 possum
490 2581 511 2624 a
525 2556 697 2626 weicheri
721 2556 936 2624 adnotatione
953 2552 1130 2620 discedere
1149 2554 1259 2644 prius-

154 2684 256 2751 quam
279 2661 398 2754 paucis
417 2660 465 2749 ¹de
486 2661 543 2728 illa
564 2660 658 2752 apud
683 2659 870 2729 Gruterum
896 2654 1113 2747 inscriptione
1129 2655 1258 2744 dixero,

154 2787 223 2854 qua
237 2787 317 2833 usus
338 2765 448 2834 estad
465 2763 765 2834 demonstrandum
784 2763 868 2833 illud
889 2761 986 2831 sicot
1000 2758 1110 2829 deum
1125 2759 1257 2835 colere.

111 2938 113 2943 .
153 2868 211 2937 Ab
233 2868 309 2959 ipso
334 2868 423 2936 enim
447 2869 674 2960 excogitatum
702 2879 753 2937 est
781 2868 850 2937 hoc
874 2863 1118 2953 testimonium,
1153 2886 1260 2955 quum

154 2979 189 3041 et
206 2971 433 3044 JNsthzN
447 2973 481 3040 in
496 2971 636 3064 τιμῶν,
663 2970 758 3061 quod
780 2972 857 3038 satis
878 2967 1035 3037 dissimile
1052 2977 1121 3055 est,
1146 2977 1258 3037 muta-

153 3074 211 3159 vit,
231 3082 265 3143 et
283 3097 353 3142 nou
364 3075 550 3143 accuratius
564 3074 775 3142 considerata
791 3066 1078 3170 inscriptioneilla
1093 3079 1166 3138 tum
1178 3071 1257 3156 hoc,
1333 3106 1336 3112 ·

153 3187 226 3246 tum
254 3173 371 3273 ἄνδρα
395 3186 430 3247 et
457 3176 693 3251 συνανείλατο
721 3198 892 3244 unacum
917 3175 1074 3261 articulo,
1105 3173 1165 3264 qui
1189 3175 1258 3241 iam

153 3282 188 3349 iu
209 3279 346 3349 Gruteri
370 3302 477 3372 opere
504 3303 582 3349 cum
607 3279 734 3374 duplici
760 3281 960 3350 soloecismo
986 3286 1065 3346 ante
1079 3268 1258 3371 Στρατό-

153 3409 251 3463 νικος
279 3383 408 3475 positus
438 3393 504 3470 est,
544 3385 685 3477 recepit
743 3384 922 3478 Inscriptio
953 3382 1017 3454 ista
1041 3379 1137 3474 apud
1163 3379 1274 3482 Gru-⁴
1344 3408 1368 3422 ν’

153 3495 264 3556 terum
290 3487 338 3554 sic
362 3484 487 3556 habet:

283 3654 791 3720 ΠΟΛΤΚΑῬΙΟΝΚΟΙΝΟΣ.
815 3703 822 3719 .
846 3705 853 3720 .
878 3706 886 3723 .

280 3758 717 3822 ΑΝΕΙΛΛΤΟΔΑΙΜΩΝ

280 3860 679 3925 ΚΑΛΛΕΙΨΑΝΤΑΛΟ

280 3959 1103 4027 ΚΟΝΔΗΜΗΊῬΕΙΑΝΠΟΛῬΔΑΚΡΤΝΤΟῬ
1124 3971 1136 3990 ’
1325 4007 1328 4012 ,

217 4069 240 4130 5
282 4062 1184 4132 ΔΕΚΑΤΑΦΘΙΜΕΝΟῬΣΚΟΙΝΟΣΜΕΑΕΩΣΧΛ
1373 4050 1380 4063 ’

281 4169 469 4233 ΔΕΤΥΝΒ
476 4168 1003 4235 ΟΣΤΟΝΤΝΔΗΚΟΣΜΗΣΕ
1322 4164 1323 4167 ’

285 4269 1031 4338 ΤΟΝΝῬΝΔΗΚΟΣΜΗΣΕΙΕΡΙΦΡΩΝ

281 4365 1202 4472 ΣΤΑΡΑΤΟΝΕΙΚΟΣΙΝΩΤΩΝΕᾹΣΑΘΕΗΟΙΣΠ
