2842 4920
194 366 259 431 85⁰
445 356 740 420 lNCRElllBlLlVM
762 358 874 419 LIBER
897 357 1049 420 PRIMVS.

195 577 240 624 ne
254 562 391 644 tempus
409 550 453 619 ad
466 549 691 642 inspiciendos
711 549 889 641 scriptores
912 545 989 619 illos
1008 548 1182 623 deiiceret
1222 550 1301 620 ‘Vbi

197 681 253 726 me
266 657 441 726 invitation
454 655 544 723 venit
560 654 702 722 instante
717 654 942 731 solemnitate,
970 654 1257 745 exemplumque
1246 677 1301 723 ιιι-

196 771 331 854 tegram
355 759 432 828 libri
455 757 593 841 obtulit,
625 756 788 847 quaesivit
817 756 1023 825 haberemne
1055 758 1101 825 de
1133 779 1203 846 quo
1236 758 1301 826 ali-

197 863 358 955 quamdiu
390 862 675 950 colloqueremur:
716 882 795 928 nam
826 883 1016 953 paucorum
1048 883 1086 928 se
1118 844 1302 931 verborum

197 990 289 1054 esse,
322 974 374 1053 et,
406 964 433 1034 ai
457 986 493 1035 se
518 986 647 1034 errasse
670 962 889 1056 intelligeret,
929 965 999 1033 sine
1024 965 1301 1086 tergiversatione

197 1082 452 1139 concessurum:
484 1089 554 1136 non
576 1077 699 1161 putare
726 1077 839 1136 autem
863 1069 968 1136 multa
993 1091 1051 1137 me
1069 1068 1231 1137 invenisse
1255 1066 1301 1137 de

197 1174 317 1264 quibus
332 1171 552 1244 dissentirem.
603 1171 799 1263 Respondi,
825 1171 1002 1241 adnotasse
1022 1194 1078 1240 me
1097 1171 1191 1239 locos
1213 1194 1302 1261 qua-

147 1276 357 1368 lldraginta
382 1284 416 1351 et
437 1283 514 1343 tres.
571 1272 662 1343 Satis
684 1296 785 1361 vero,
817 1274 933 1365 inquit
984 1275 1116 1344 Eorum
1135 1275 1300 1363 locomm,

198 1401 303 1470 quum
316 1378 363 1446 ad
377 1376 635 1469 disputationem
656 1387 794 1446 ventam
815 1387 883 1462 est,
916 1379 1046 1470 aliquos
1064 1376 1181 1470 viginti
1203 1401 1301 1446 com·

197 1481 398 1551 memoravi:
439 1480 668 1583 concessitque
702 1481 746 1549 de
775 1482 944 1569 omnibus,
984 1505 1065 1551 vera
1091 1503 1146 1549 me
1173 1481 1298 1552 dicere.

197 1586 392 1679 Attigissem
411 1583 511 1651 etiam
529 1585 694 1673 reliquos,
719 1583 781 1652 nisi
798 1584 974 1654 assedisset
993 1585 1227 1675 Tittmannus,
1250 1585 1301 1653 vir

197 1691 235 1762 S.
252 1690 297 1756 a.
312 1688 447 1780 collega
462 1710 573 1775 meus,
599 1690 793 1778 amicusque
813 1689 985 1780 utriusque
1002 1697 1171 1775 nostrum,
1198 1709 1301 1777 quem

196 1794 224 1860 si
243 1791 366 1860 diutius
390 1811 413 1859 a
439 1790 665 1881 colloquendo
687 1814 803 1860 arcere
825 1793 1020 1872 voluissem,
1052 1789 1300 1861 inverecundus

195 1894 375 1987 inipsM,
397 1888 647 1963 immodestns'
637 1918 670 1962 m
686 1894 910 1963 Schaeferum
919 1896 1084 1985 ,iniquus
1106 1895 1139 1962 in
1166 1894 1301 1962 audito-

196 2021 250 2068 res
262 1998 408 2069 fulssem.
458 1999 753 2119 llisputavemmus
770 2007 882 2067 autem
902 2000 949 2067 ita
969 2008 1003 2067 et
1021 2019 1092 2103 ego
1111 2006 1147 2066 et
1166 1996 1301 2067 Schne-

197 2102 288 2170 ferus
311 2109 346 2170 et
364 2103 472 2170 socius
496 2103 565 2171 eius
582 2100 818 2191 Tlrierschim,
852 2111 890 2170 ut
910 2125 974 2195 par
993 2110 1043 2171 est
1063 2088 1149 2169 inter
1163 2102 1300 2189 amicos,

198 2224 325 2293 eosque
348 2225 417 2272 non
441 2205 506 2272 alia
526 2225 630 2323 quam
653 2204 724 2271 veri
744 2205 934 2273 inveniendi
960 2203 1144 2297 cupiditate
1169 2203 1299 2273 ductos.

196 2305 338 2378 Testem
350 2303 448 2375 lmius
465 2306 515 2375 rei
527 2307 638 2398 ipsum
659 2304 772 2376 liabeo
789 2305 1022 2377 Schaeferum.
1053 2309 1142 2376 Nam
1159 2310 1301 2400 peracta

197 2408 406 2480 solemnitate
421 2432 499 2481 eum
514 2408 604 2478 diem
615 2417 724 2478 totum
737 2431 844 2499 usque
857 2411 904 2479 ad
915 2433 1094 2504 vesperam
1108 2411 1203 2504 apud
1222 2433 1300 2480 eum

196 2513 342 2583 suaviter
362 2513 526 2607 transegi:
560 2512 655 2602 quod
676 2512 891 2603 quiscredat
910 2514 1038 2585 factum
1060 2537 1150 2601 esse,
1184 2513 1213 2582 si
1236 2514 1300 2583 ali-

195 2615 280 2707 quid
306 2614 475 2709 internos
504 2617 676 2685 simultatis
704 2617 966 2686 intercessisset?
1000 2619 1090 2687 Nam
1112 2639 1225 2707 neque
1243 2618 1300 2686 ille

196 2719 405 2789 d‘nsimulare
425 2719 592 2812 potuisset
611 2719 873 2811 aegritudinem,
906 2743 1018 2810 neque
1043 2743 1110 2813 ego
1129 2724 1199 2788 taiu
1214 2719 1299 2789 fuis·

195 2845 268 2892 sem
287 2820 484 2914 impudens,
509 2830 565 2909 ut,
591 2845 694 2911 quem
715 2823 901 2910 laesissem,
922 2825 1093 2893 laesumve
1115 2846 1152 2892 se
1176 2833 1299 2916 putare

195 2924 371 3011 vidissem,
405 2926 436 2994 ei
464 2926 654 3018 praesentia
684 2948 762 2994 mea
787 2928 975 2997 molestiam
1002 2950 1162 2998 crearem.
1220 2928 1325 2996 Non*

196 3050 281 3123 ergo
309 3029 344 3097 in
369 3027 494 3114 modo,
527 3030 665 3122 opinor,
698 3052 767 3119 quo
794 3031 997 3122 disputatum
1025 3039 1093 3117 ost,
1127 3038 1200 3099 erat
1229 3051 1299 3118 quo

196 3134 355 3202 arrosisse
366 3132 587 3202 Meletemata
604 3134 748 3205 viderer.
802 3134 881 3219 Qua
900 3156 985 3225 ergo
998 3134 1033 3203 in
1045 3134 1111 3201 alia
1124 3133 1187 3201 re?
1219 3133 1300 3200 Non

196 3244 288 3304 certo
304 3235 338 3304 in
353 3259 413 3327 eo,
440 3234 534 3326 quod
550 3236 664 3305 officio
678 3235 813 3306 fundus
831 3259 906 3305 sum
922 3236 1193 3305 contradicentis:
1219 3258 1298 3304 nam

194 3337 231 3405 id
256 3349 395 3430 rogatus
421 3338 506 3426 feei,
540 3348 642 3429 atque
668 3338 772 3427 adeo,
805 3341 835 3408 si
853 3339 1109 3425 detrectassem,
1141 3339 1214 3415 iure
1243 3338 1299 3409 vel

193 3440 399 3510 inofficiosus
415 3442 470 3509 vel
480 3441 631 3510 inimicus
645 3465 752 3511 essem
762 3441 863 3516 ¹visus.
916 3443 973 3519 An
985 3466 1084 3526 vero,
1110 3441 1205 3531 qaod
1219 3464 1297 3530 non,

194 3552 232 3612 ut
245 3544 394 3612 nonnulli
406 3544 531 3634 solent,
556 3545 686 3614 ludicra
702 3554 735 3613 et
750 3569 837 3636 quae
857 3547 931 3639 ipse
944 3546 1052 3615 inania
1072 3553 1229 3638 putarem
1245 3553 1298 3612 at-

193 3647 279 3716 tuli?
328 3648 377 3717 At
397 3647 575 3740 indignum
595 3656 739 3739 utroque
758 3657 909 3717 nostrum
933 3658 1022 3736 erat,
1050 3651 1078 3717 si
1099 3671 1178 3716 oum
1194 3647 1298 3716 docto

195 3751 356 3840 claroque
371 3750 444 3819 viro
459 3751 507 3818 sic
524 3773 682 3844 agerem,
704 3761 741 3821 ut
761 3775 838 3819 cum
856 3753 1087 3835 adolescente,
1113 3752 1208 3819 cuius
1223 3750 1298 3840 qais

193 3853 266 3920 vult
286 3853 458 3945 ingenium
483 3855 637 3948 captiosis
658 3855 975 3946 interrogationibus
1001 3855 1203 3947 speciosisve
1226 3853 1298 3944 syl-

193 3955 343 4048 logismis
364 3957 551 4048 explorare.
610 3958 823 4048 Relinquitur
844 3960 945 4046 nihil,
971 3960 1034 4028 nisi
1054 3967 1093 4028 ut
1114 3980 1168 4025 res
1188 3957 1297 4050 ipsae,

193 4079 281 4146 quae
301 4080 389 4126 arne
405 4056 481 4128 sunt
500 4061 535 4129 in
549 4062 698 4130 medium
719 4062 855 4152 allatae,
881 4086 958 4131 earn
975 4061 1187 4131 offenderint
1239 4059 1297 4150 Et,

192 4160 254 4228 nisi
274 4159 391 4250 fallor,
418 4163 464 4231 ita
479 4172 545 4232 est:
571 4173 755 4256 tempestas
775 4167 850 4252 illa,
877 4189 980 4256 quam
1000 4166 1097 4252 dicit,
1125 4164 1298 4253 aliquanto

191 4271 271 4355 post
290 4262 393 4354 ipsios
405 4264 440 4332 in
456 4275 595 4357 pectore
609 4277 683 4336 orta
700 4278 764 4356 est,
790 4292 895 4359 quum
910 4269 1027 4339 dolere
1043 4267 1175 4358 coepit,
1203 4265 1299 4355 quod

191 4389 260 4435 non
272 4368 436 4459 potuisset
448 4389 516 4438 uon
529 4371 718 4455 concedere
732 4394 812 4442 vera
825 4396 897 4442 esse
913 4397 1000 4464 quae
1013 4373 1181 4441 dixissem.
1207 4371 1298 4439 Nam
