2842 4920
558 342 868 406 couvrflt.

256 532 420 623 Sequitur
436 531 547 601 statim
561 554 594 601 ν.
609 529 672 603 62.

205 683 354 782 χιιρδδδ
369 676 546 782 κινήσασα
558 678 686 778 μόθον
700 677 964 784 πρωτόσπορον
978 683 1094 789 ἀρχήν

205 793 240 869 ἐς
257 786 390 886 θαλίην
406 789 545 886 ἔρριψε.

155 941 239 1028 Quis
256 941 392 1028 credat,
419 939 548 1009 etiamsi
565 939 613 1008 sic
628 937 722 1030 loqui
742 940 833 1008 licuit
855 951 999 1032 poetae,
1025 953 1140 1016 tumen
1156 947 1262 1016 nemi.

153 1068 230 1113 nem
245 1044 407 1113 exstitisse
423 1044 482 1133 qui
498 1036 675 1139 δινήσασα
693 1044 900 1134 reponeret?

257 1147 536 1216 Commemoratis
550 1146 654 1214 tribus
670 1144 812 1237 deabus,
838 1170 926 1237 quae
941 1171 1084 1241 pomum
1099 1151 1185 1220 illud
1199 1151 1262 1221 sibi

153 1249 226 1318 dari
241 1274 389 1340 aequum
406 1250 612 1319 censuerint:
636 1272 716 1317 nam
734 1259 814 1342 post
828 1273 860 1323 v.
877 1245 937 1320 65.
951 1254 1160 1325 intercidisse
1172 1278 1261 1346 quae

152 1352 197 1421 de
219 1353 377 1422 Minerva
406 1356 586 1446 scripserat
609 1362 732 1443 poeta,
757 1353 951 1446 Lenuepius
977 1358 1262 1452 viditesluppiter

151 1457 311 1527 mandatu
326 1457 459 1527 dedisse
474 1456 595 1527 dicitur
607 1454 782 1525 Mercurio
799 1480 831 1529 v.
846 1455 906 1526 68.

205 1602 299 1691 Ζιός
316 1610 355 1683 δὲ
371 1609 473 1682 dcciv
486 1608 546 1682 ναὶ
566 1614 679 1689 νεῖκος
694 1602 781 1681 idcir
795 1609 854 1681 καὶ
869 1613 982 1683 παῖδα
996 1613 1168 1695 καλέσσας
1257 1606 1261 1613 ’

203 1719 308 1787 τοῖον
326 1707 597 1810 ἑφεδρήσσοντα
613 1713 849 1808 προςέννεπσν
862 1708 1071 1810 Ἑρμόωνα.

149 1866 248 1935 Haec
262 1874 297 1934 et
310 1866 429 1934 scabra
442 1874 494 1934 est
507 1875 542 1934 et
555 1866 672 1933 vitiosa
688 1866 806 1933 oratic.
843 1865 966 1952 Quam,
992 1866 1054 1935 nisi
1070 1866 1256 1936 omittendo

150 1978 330 2061 peccatum
346 1979 416 2057 est,
441 1969 536 2060 quod
553 1990 623 2036 non
639 1977 690 2057 est
702 1969 897 2050 verisimile,
919 1970 966 2037 sic
979 1971 1129 2063 corrige:

203 2115 295 2202 Zedc
309 2120 348 2195 δὲ
367 2114 491 2194 θεόων
510 2126 624 2201 νεῖκος
638 2115 742 2206 idcir,
769 2119 813 2194 ὃν
829 2122 943 2194 παῖδα
959 2123 1141 2209 καλέσσας,

202 2231 307 2300 τοῖον
326 2219 604 2321 δποδρήοσοντα
617 2224 854 2321 προςόννιπεν
869 2218 1077 2321 Ἑρμόωνα.

148 2371 448 2474 ’Υποδρήσοοντα
466 2377 605 2465 quidem
620 2378 687 2444 iam
701 2374 912 2468 Lennepius‚
939 2378 1001 2446 sed
1020 2401 1089 2447 non
1109 2379 1179 2447 sine
1200 2403 1256 2448 er-

149 2505 245 2568 rore,
272 2481 431 2570 quoniam
450 2479 547 2551 dcciv
569 2476 751 2574 ὑπηρέτην
772 2481 952 2571 significari
967 2481 1081 2551 voluit.
1134 2483 1182 2551 At
1194 2506 1257 2550 ne·

150 2609 218 2676 que
238 2584 307 2652 hoc
322 2582 538 2674 participium
561 2581 659 2674 fungi
682 2589 797 2672 petest
819 2582 1013 2649 substantivi
1034 2584 1166 2671 officio,
1192 2608 1255 2652 nec

148 2687 334 2781 praesentis
350 2686 570 2779 participium
583 2685 628 2752 ad
641 2684 819 2772 cereferri,
845 2708 933 2776 quae
949 2685 1098 2755 facturus
1110 2687 1151 2755 sit
1164 2688 1255 2756 iussu

149 2791 240 2860 loris
256 2790 469 2876 Mercurius,
496 2789 558 2857 sed
581 2789 726 2879 pertinet
745 2788 791 2857 ad
803 2812 1044 2883 praegressum
1067 2792 1257 2873 ναλόοσαςο

148 2894 296 2964 vocanti
310 2894 417 2986 patri
438 2892 538 2962 dicto
562 2891 780 2960 audientem.
832 2893 872 2961 ln
891 2894 979 2961 lovis
997 2897 1147 2963 oratione
1161 2894 1255 2985 quod

150 3006 202 3066 est
217 3021 247 3068 v.
264 2997 325 3065 tl.
340 2998 472 3085 vitium,
499 3017 602 3086 supra
618 2995 818 3062 sustulimus.
852 2995 1006 3063 Dubitari
1018 2996 1161 3066 fortasse
1173 3007 1255 3088 pot-

149 3103 214 3170 erit
230 3101 331 3168 etiam
345 3123 377 3169 v.
395 3096 455 3169 75.
471 3098 515 3167 de
536 3096 641 3165 verbo
657 3098 934 3193 διακρινθεῖσα,
960 3097 1054 3188 quod
1071 3101 1105 3167 in
1121 3099 1254 3168 duobus

150 3202 254 3277 codd.
278 3207 510 3299 διαινριθεϊσα
531 3200 704 3292 scriptum.
758 3198 861 3269 Certe
886 3222 955 3268 uon
977 3201 1064 3269 male
1084 3202 1255 3294 legeretur

150 3310 474 3404 circumspectemus,
500 3313 538 3372 ut
559 3304 653 3397 apud
675 3302 876 3397 Euripidem
892 3305 926 3373 in
944 3305 1076 3378 Phoen.
1095 3303 1180 3374 222.
1204 3315 1255 3376 est

149 3402 279 3490 πόλιος
294 3403 564 3506 ἑνπρονριθοΐο’
582 3411 681 3500 ἑμας.

252 3545 294 3614 V.
308 3543 369 3618 82.
396 3568 485 3636 quae
500 3544 545 3614 de
558 3543 692 3614 Venere
705 3542 876 3632 dicuutur,

200 3696 261 3771 ναὶ
275 3691 433 3798 περόνην
449 3689 612 3770 θυόεντα
626 3688 852 3791 διαστήσασα
866 3690 1032 3789 νομόων,

202 3801 324 3899 χρυσῷ
339 3802 407 3895 μὲν
422 3793 649 3893 πλονόμονς,
677 3796 797 3895 χρυσῷ
811 3794 846 3871 δ’
864 3800 1046 3895 ἐστέψατο
1061 3793 1209 3894 χαίτην,

147 3971 266 4040 mutila
278 3993 352 4040 esse
368 3994 459 4064 pene
477 3969 643 4063 persuasit
658 3966 850 4038 Wemikius
866 3968 1118 4060 comparatione
1140 3967 1251 4038 Nomii

147 4074 292 4148 xxxu.
309 4069 371 4146 15.
397 4073 475 4166 (34.
490 4073 544 4143 ed
559 4072 696 4164 Grues.)

199 4225 260 4298 καὶ
275 4220 411 4326 περόνη
426 4227 591 4323 συνέεργε
606 4226 689 4300 νέον
703 4203 828 4323 κληῗδα
842 4220 1002 4313 χιτοῖνος,

201 4327 262 4402 ναὶ
274 4326 429 4429 πλωιτήν
443 4323 597 4406 θοόοντι
609 4322 725 4427 νόμην
739 4324 876 4424 ἐδίηνεν
893 4322 1008 4421 ἐλαίην.
