2842 4920
118 358 235 458 ·''3'4
526 387 584 446 ns
619 382 894 447 ιιιιιισιιι
917 377 963 447 οι

288 579 422 648 Eadem
435 576 519 644 ratio
534 585 585 645 est
597 577 837 669 particularum
851 575 1020 661 finalium,
1046 582 1084 641 ut
1103 572 1202 671 ὄφρα
1204 631 1217 664 ,
1245 549 1306 666 ὦς’,

2 680 9 690 “
78 761 81 766 ,
187 683 303 790 ὅπως,
331 688 402 755 ἵνα.
455 679 698 773 Aristophanes
715 680 848 753 Eccles.
866 674 954 750 151.

289 860 495 963 ἐβουλόμην
519 870 589 960 μέν
616 872 741 963 ἕτερον
768 865 815 941 ἄν
840 865 913 940 τοῖν
939 859 1089 963 ἠθάδων

292 974 408 1065 λέγειν
433 965 484 1043 τα
508 967 700 1063 βέλτισθ’,
728 965 777 1043 ἵν’
803 963 994 1077 ἐκαθήμην
1022 966 1161 1066 ἥσυχος.

188 1141 277 1212 Vide
297 1140 402 1231 Vesp.
426 1138 515 1215 961,
568 1141 657 1209 Illud
680 1139 882 1224 notandum,
915 1137 1004 1206 hanc
1023 1141 1307 1210 constructionem

139 1290 145 1303 κ
188 1245 360 1314 indicativi
377 1242 449 1312 sine
470 1241 634 1335 particula
655 1240 700 1315 ἄν
720 1242 875 1312 demere
894 1243 1068 1334 usurpari,
1095 1244 1153 1310 ubi
1176 1255 1307 1314 senten·

156 1341 158 1346 ’
189 1350 235 1422 tia
248 1347 464 1441 principalis,
487 1349 556 1416 sive
573 1347 689 1415 additu
705 1345 774 1433 ἅν,
799 1346 869 1415 sive
889 1368 956 1414 non
976 1343 1111 1428 addito,
1139 1348 1307 1417 conditio-

189 1475 268 1522 nem
278 1474 346 1519 non
357 1450 533 1543 impletam
541 1451 699 1537 continet,
715 1459 754 1518 ut
766 1450 859 1542 apud
869 1448 1079 1539 Aeschylum
1092 1451 1207 1524 Prom.
1217 1450 1305 1526 746.

185 1696 190 1701 .
293 1633 446 1733 πέδην
474 1636 557 1730 ἐμοὶ
584 1636 645 1727 ζῆν
671 1638 836 1757 κέρδος,
835 1632 917 1710 dit
944 1632 1009 1710 criu
1036 1640 1075 1710 έν
1100 1633 1205 1729 ccipe-c

296 1736 421 1839 ἔρριψ’
449 1734 611 1834 ἐμαυταν
637 1738 738 1836 τῆςι1’
761 1733 836 1812 dud
862 1734 1026 1861 στύφλου
1046 1743 1192 1862 πέτρας,

296 1842 390 1922 ὅπως
416 1845 510 1935 πέδῳ
538 1836 708 1936 σκήψασα
733 1842 808 1914 τοῖν
833 1867 980 1915 παντων
1006 1835 1127 1916 πόνων

295 1936 524 2042 α’πηλλαγηνς

192 2116 361 2206 Exempla
378 2113 546 2202 quaedam
566 2109 660 2179 dedit
675 2110 843 2179 Matthiae
854 2113 891 2179 in
904 2134 957 2203 gr.
974 2111 1036 2184 Gr.
1060 2106 1097 2206 §.
1122 2108 1209 2186 52⁰.
1236 2124 1305 2189 not.

192 2216 229 2292 5.
253 2220 312 2308 qni
333 2224 446 2283 tamen
465 2238 577 2305 neque
597 2215 716 2307 Eurip.
738 2213 869 2287 Phoen.
893 2213 980 2287 213.
1003 2213 1127 2282 afferre
1148 2214 1306 2302 debebat,

193 2322 311 2412 quoin
332 2321 411 2387 loco
428 2325 487 2390 ἵνα
510 2339 579 2386 non
596 2327 658 2404 ut,
685 2317 746 2387 sed
769 2316 830 2386 udi
845 2319 1030 2410 significat,
1056 2339 1167 2407 neque
1189 2319 1307 2386 Plato-

194 2427 245 2494 nis
258 2425 372 2491 lucum
387 2423 420 2490 in
434 2420 584 2490 Menone
600 2421 647 2490 ita
665 2430 856 2491 truncatum
871 2444 1064 2514 apponere,
1090 2431 1129 2489 ut
1141 2423 1239 2489 Plato
1255 2423 1308 2490 le-

194 2527 352 2622 gentibus
381 2525 495 2613 aliter,
521 2547 623 2614 quam
647 2526 744 2612 licet,
776 2526 933 2615 loquutus
954 2524 1114 2597 videatur
1170 2525 1308 2618 Integer

194 2633 289 2700 locus
301 2630 358 2696 inc
375 2639 473 2720 estp.
490 2627 552 2701 89
566 2629 610 2701 Β.
627 2656 686 2699 και
701 2654 827 2721 γαραν
843 2655 915 2701 που
930 2656 989 2699 και
980 2622 1121 2700 cod
1098 2649 1158 2724 ην·
1186 2631 1222 2700 εἰ
1238 2623 1308 2725 φύς

81 2766 84 2771 ·
196 2755 251 2807 net
268 2738 305 2804 οἱ
320 2728 505 2853 α’γαθρὶ
487 2730 671 2851 εγέγνοντο
681 2784 693 2818 ,
720 2757 813 2849 ησαν
833 2757 904 2804 που
920 2730 966 2802 οἷν
980 2727 1068 2827 ημῖν
1084 2737 1125 2802 οἱ
1143 2735 1309 2824 ἐγίγνωσ-

195 2928 538 3060 παραλαβόντες,’
520 2936 663 3029 εκιένων
669 2929 970 3058 αποφηνοῖνσων,
998 2931 1287 3063 έφαλατσσρεν”
1269 2963 1307 3011 εν

196 3032 412 3138 ἀκροπόλει,
438 3031 786 3159 κατασηριηνοέμινσι
815 3033 910 3111 πολα
933 3039 1122 3132 μαλλον
1098 3067 1120 3135 η
1151 3033 1198 3112 vd
1222 3065 1308 3168 χρρ-

135 3164 137 3169 ’
197 3143 300 3227 σίον,
326 3148 386 3214 ἵνα
404 3141 527 3236 μηδεὶς
549 3134 683 3220 αὐτοῦς
704 3144 938 3236 διέφθειρεν,
965 3137 1045 3214 a'tt'
1069 3136 1239 3264 iuctdq'
1216 3141 1308 3236 αφέ-

13 3310 16 3317 .
135 3309 137 3312 .
196 3272 321 3320 κσινσο
340 3249 392 3323 εἰς
404 3270 472 3339 την
486 3241 641 3337 ηλικίαν,
669 3238 842 3338 χρήσιμοι
853 3244 1037 3335 γίγνοιντο
1053 3251 1133 3325 ταῖς
1148 3237 1307 3317 πόλισιν

196 3349 366 3438 Apertum
380 3356 449 3428 est,
476 3367 670 3435 expressam
687 3368 761 3413 esse
782 3347 818 3413 in
838 3340 1015 3465 principali
1039 3349 1203 3416 sententia
1223 3370 1315 3416 con-1

197 3449 360 3517 ditionem
378 3470 446 3515 non
461 3445 647 3538 impletam.
701 3447 851 3533 Quod
827 3470 855 3517 σι
876 3471 963 3538 quae
979 3471 1043 3540 per
1070 3449 1131 3532 οὓς
1152 3452 1309 3519 adiuncta

197 3560 248 3621 est
270 3551 448 3635 sententia,
475 3551 597 3618 iterum
617 3549 723 3620 habet
747 3549 812 3641 ἄν,
839 3552 966 3620 factum
986 3552 1024 3619 id
1046 3563 1097 3622 est
1119 3576 1179 3634 eo,
1214 3555 1309 3646 quod

197 3678 267 3723 non
287 3652 417 3748 pendet
442 3675 485 3721 ex
503 3653 619 3746 priore
640 3654 818 3741 sententia,
845 3655 906 3724 sed
930 3656 1001 3724 sola
1022 3680 1085 3751 per
1106 3680 1142 3725 se
1166 3667 1307 3730 constat.

84 3779 87 3785 ’
197 3757 302 3843 Quod
323 3768 435 3826 antem
446 3757 481 3823 in
494 3757 563 3825 fine
577 3768 724 3831 mutatur
737 3759 832 3826 verbi
844 3759 982 3845 modus,
1007 3757 1044 3828 id
1060 3769 1153 3828 recte
1171 3761 1309 3852 quidem

114 3951 116 3955 Α
197 3860 355 3929 observat
368 3859 592 3928 Buttmannus
606 3861 680 3929 fleri
696 3871 839 3955 propter
853 3885 1090 3955 praegressum
1104 3859 1310 3957 ἀφίκοιντο,

61 3981 82 4061 J
198 3963 260 4033 sed
275 3986 344 4031 non
360 3963 519 4055 explicuit
533 3971 658 4037 tamen.
691 3966 856 4034 Nimirum
871 3988 939 4033 non
954 3976 1047 4035 recte
1063 3967 1197 4034 dixisset
1211 3968 1337 4053 Platov

196 4061 321 4162 έποιδή
337 4057 534 4159 α’ῲίκσνσσ,
560 4066 653 4156 quud
673 4068 720 4149 sic
737 4068 932 4154 indicasset,
954 4092 1027 4141 non
1046 4070 1150 4138 fuisse
1166 4069 1242 4138 ilios
1266 4071 1311 4138 ad

196 4170 317 4238 iustam
330 4176 476 4237 aetatem
495 4181 728 4292 perventuros
781 4170 934 4256 Quod
910 4194 937 4239 st
956 4174 1136 4266 participio
1149 4195 1228 4241 usus
1254 4197 1310 4242 es-

198 4280 267 4360 set,
292 4280 386 4341 recte
403 4270 556 4357 ditasset,
581 4269 662 4346 αλλ
679 4268 898 4369 αφικόμινοι
917 4302 966 4355 εις
979 4303 1047 4372 την
1068 4273 1209 4371 ηλιιιίαν
1225 4271 1319 4374 χρήτ.

155 4424 160 4431 -
197 4402 302 4469 σιμσι
318 4371 515 4470 ἐγίγνοντο.
548 4377 704 4446 Necnon
718 4375 1030 4471 potuit'cyt'yvouco
1046 4378 1170 4466 dicere,
1188 4403 1310 4470 quam-
