2842 4920
152 370 214 433 126
489 368 548 428 DE
581 367 855 431 Plurlcvur
878 364 921 432 δν
1027 372 1032 385 ’

152 557 321 649 Sophocis
335 558 368 624 in
384 558 508 626 Electr.
524 554 608 627 066.

254 694 311 766 καί
329 694 441 767 τοῖνδε
456 695 582 785 μέντοι
596 691 723 791 μηκέτ’
747 692 886 789 ἐλπίσῃς
900 690 993 774 ὅπως

252 791 367 878 τεύξει
393 788 487 870 πότ’.

151 934 189 1001 lu
203 934 308 1003 Aiace
320 927 405 999 567.

255 1064 356 1161 κείνῳ
370 1065 407 1139 τ’
427 1063 516 1164 ε’μήν
533 1065 717 1162 dyyrllaa'
732 1063 899 1164 ἐντολήν,
927 1063 1021 1147 ὅπως

254 1170 327 1243 τοῖν
343 1174 454 1244 παῖδα
468 1166 575 1244 τόνδε
588 1164 677 1268 πρδς
692 1163 823 1262 δόμους
838 1163 945 1260 ἑμοδς
965 1168 1061 1261 ἄγων
1180 1200 1183 1205 ·

259 1277 288 1345 Ἰ
291 1273 446 1364 ελαμολνι
464 1273 588 1363 δείξει,
613 1273 726 1371 μητρί
738 1270 775 1344 τ’
784 1328 797 1362 ,
823 1269 994 1368 Ἐριβοίᾳ
1009 1271 1108 1362 λέγω.

152 1406 191 1476 ln
202 1409 327 1477 Traclr.
343 1408 429 1478 604.

292 1638 295 1643 Ι
564 1539 784 1642 φράζ’ὅπως-
793 1543 915 1641 μηδείς
928 1542 1072 1641 βροτῶν

255 1645 373 1719 ιείνου
386 1641 567 1745 πάροιθεν
581 1642 826 1742 α’μφιδύσεται
847 1653 946 1742 χροί,

129 1833 131 1837 ,
251 1746 342 1844 μηδ’
358 1748 492 1844 ὄψεταί
511 1779 569 1824 νιν
583 1744 677 1845 μήτε
692 1752 818 1843 φέγγος
833 1747 957 1843 ἡλίου,

116 1882 122 1901 ν
253 1846 351 1946 μήδ’
367 1858 466 1947 ἕρκος
481 1847 597 1948 ἱερόν,
624 1845 716 1947 μήτ’
734 1853 901 1945 ἐφέστιον
917 1852 1027 1931 σέλας.

254 2004 447 2072 Proximum
467 2005 518 2072 his
535 2004 619 2073 illud
639 2028 746 2098 genus
767 2015 835 2090 est,
869 2001 962 2093 quod
981 2004 1016 2069 in
1041 2000 1254 2071 adhortando

153 2117 338 2274 ufmpaflllrl’
359 2109 474 2194 verbo,
505 2105 594 2174 unde
612 2106 705 2187 ὅπως
728 2108 889 2197 pendeat,
911 2106 1049 2172 omissot
1075 2115 1111 2173 ut
1132 2108 1166 2173 in
1181 2104 1254 2195 Cy-

150 2231 249 2299 cope
341 2255 349 2272 .

565 2354 645 2433 οίλλ’
664 2357 756 2440 ὅπως
771 2353 860 2457 οἷνήρ
876 2361 959 2433 ἔσει.

149 2501 171 2567 i.
196 2520 226 2567 e.
248 2497 409 2589 proprie,
434 2495 537 2581 vide,
565 2499 745 2587 quomodo
759 2498 818 2565 vir
829 2496 985 2590 sutores
1011 2495 1071 2564 sia.
1126 2493 1254 2564 Confer

150 2626 180 2672 v.
195 2600 280 2668 626.
297 2613 331 2668 et
345 2598 455 2668 Orest.
470 2598 581 2667 1060.
599 2602 700 2669 Herc.
713 2601 737 2667 f.
750 2597 835 2668 504.
850 2601 958 2691 Soph.
978 2597 1066 2667 Oed.
1081 2598 1124 2664 R.
1142 2596 1252 2665 1518.
1275 2650 1281 2657 .

150 2704 431 2793 Frequentissima
450 2702 536 2770 haec
553 2704 637 2770 ratio
657 2704 817 2792 loquendi
832 2714 899 2788 est,
925 2724 1125 2792 semperque
1148 2700 1254 2768 habet

151 2806 308 2873 futuroru
359 2805 518 2872 Refertur
536 2806 623 2872 enim
644 2808 689 2875 ad
706 2807 897 2897 opinionem
914 2806 963 2872 rei
984 2805 1133 2887 futurae,
1160 2804 1252 2870 cuius

151 2911 225 2976 fieri
252 2910 405 2976 volumus
434 2909 645 2976 contrarium.
697 2910 748 2976 Ita
770 2908 864 2999 quod
885 2906 1190 2999 Euripides-habet
1217 2905 1251 2972 in

149 3012 293 3081 Bacchis
310 3009 395 3078 367.

252 3158 417 3245 Πενθεδς
433 3160 469 3237 δ’
486 3160 580 3243 ὅπως
595 3154 650 3258 μή
667 3164 801 3244 πένθος
817 3160 956 3243 είςοίσει
973 3155 1097 3254 δόμοις

252 3273 328 3346 τοῖς
341 3273 454 3352 σοῖσι,
481 3259 631 3356 Κοίδμε,

151 3421 197 3488 sic
213 3428 263 3486 est
283 3418 422 3499 dictum,
450 3425 486 3482 ut
501 3417 681 3508 cogitetur,
707 3417 835 3483 illatum
856 3415 896 3482 iri
912 3417 1037 3482 luctum
1052 3437 1072 3480 a
1086 3413 1249 3498 Pentheo,

107 3582 111 3587 .
151 3545 191 3590 ac
206 3520 348 3613 proinde
362 3518 545 3586 videndum
560 3541 643 3604 esse,
666 3518 837 3607 quomodo
850 3517 885 3583 id
900 3519 1026 3584 irritum
1040 3515 1251 3584 reddendum

150 3627 201 3694 sit
253 3622 358 3707 Quod
371 3622 398 3688 si
411 3623 549 3716 εἰςφέρῃ
566 3622 758 3712 scripsisset,
783 3631 890 3689 metus
902 3629 1030 3688 tantum
1043 3620 1250 3711 significare-

151 3737 205 3796 tur
226 3737 259 3794 et
272 3724 452 3805 dubitatio,
478 3733 587 3791 utrum
604 3725 751 3792 illaturus
767 3726 808 3792 sit
825 3725 969 3809 luctum,
996 3747 1038 3790 an
1057 3745 1140 3808 non,
1166 3744 1250 3813 pro-

151 3839 336 3922 ptereaque
350 3825 535 3896 cavendum
550 3850 633 3913 esse,
658 3851 701 3894 ne
712 3828 817 3918 possit
832 3827 963 3894 inferre.
1015 3826 1112 3892 Haec
1128 3824 1156 3892 si
1167 3826 1250 3891 inter

152 3934 226 4024 ipsa
249 3954 441 4023 compares,
476 3930 590 3998 futuro
618 3930 728 4022 posito
751 3930 818 3997 hoc
843 3929 1001 3996 habebis:
1036 3926 1170 4020 inseret
1196 3928 1248 3995 lu-

153 4043 269 4103 ctum:
296 4043 335 4102 tu
347 4034 441 4116 vide,
468 4034 644 4123 quomodo
659 4056 730 4101 ποτε
743 4033 894 4127 inseret‚·
917 4032 1173 4099 iuconiuuctivo
1190 4052 1250 4097 au-

152 4147 237 4205 tem:
257 4133 542 4228 potestrinscrre
563 4136 716 4204 luctum:
745 4137 828 4204 vide
845 4136 1022 4226 quomodo
1037 4134 1160 4226 poscit
1180 4154 1250 4201 ooo

153 4240 310 4334 inferre,
335 4239 356 4306 i.
375 4261 403 4305 e.
421 4238 591 4326 quomodo
611 4239 734 4307 debeat
750 4238 899 4306 cohiberi
912 4238 955 4305 ab
971 4236 1156 4304 inferendo.

254 4343 308 4411 Ex
331 4341 384 4409 his
407 4341 617 4434 intelligitur,
642 4365 712 4409 non
734 4342 924 4433 promiscue
944 4342 1092 4409 futurum
1111 4349 1145 4407 et
1167 4362 1248 4407 con-
