2842 4920
206 406 248 477 vt
559 410 957 479 PRAEFATIO.

204 610 295 672 rent:
319 600 381 672 sed
397 620 465 672 non
481 602 612 674 videtur
627 605 779 675 inventos
794 628 886 694 esso,
912 606 969 697 qni
985 606 1018 674 el
1033 627 1171 675 caussae
1184 614 1302 699 patro-

203 762 265 809 nns
289 739 409 810 haberi
430 741 542 818 vellet.

194 952 197 960 ’
303 942 471 1036 Impressa
489 940 557 1014 iam
575 968 616 1014 ea
636 943 939 1032 dissertatiuncula,
967 961 1055 1034 quae
1074 953 1124 1012 est
1139 943 1183 1014 de
1202 969 1299 1015 men-

200 1099 277 1147 sura
291 1080 462 1170 utriusque
483 1079 547 1173 oia,
573 1083 697 1153 litteras
713 1107 734 1150 a
748 1082 902 1152 Seidlero
917 1103 996 1150 meo
1013 1082 1148 1175 accepi,
1172 1084 1207 1151 in
1222 1086 1298 1173 qui-

198 1215 262 1286 bns
282 1219 339 1287 ille
361 1220 405 1288 de
423 1219 622 1312 quibusdam
637 1222 769 1288 illomm
792 1220 1043 1312 exemplorum,
1068 1219 1103 1285 in
1117 1220 1237 1308 quibus
1252 1219 1298 1294 oia

116 1346 120 1351 ’
196 1336 381 1444 potentiale
402 1358 644 1427 dubitationem
664 1359 811 1445 fecerat,
842 1380 936 1426 suam
962 1354 1095 1424 mecum
1113 1358 1298 1424 communi·

197 1495 285 1561 cavit
307 1497 513 1564 sententiam.
565 1495 597 1565 Is
623 1496 658 1564 in
680 1504 819 1585 quarto,
854 1495 947 1584 quod
968 1492 1127 1582 Aeschyli
1145 1493 1179 1559 in
1200 1492 1296 1586 Aga-

67 1613 68 1616 *
194 1650 372 1702 memnone
399 1641 467 1720 est,
507 1631 625 1701 ordine
652 1633 836 1703 verborum
858 1638 986 1701 mutato
1016 1629 1086 1722 legi
1110 1653 1212 1723 posse
1232 1632 1296 1701 ob-

193 1777 321 1859 servat,

346 1911 487 1997 ildonea
510 1911 575 1989 οὐκ
598 1913 644 1988 da
662 1911 772 1999 αὖθις
791 1909 990 1991 erodiona
1004 1915 1060 1991 ἄν.

172 2082 232 2174 ¹ln
250 2103 384 2195 quinto,
411 2100 595 2194 Sophoclis
621 2101 655 2170 in
675 2101 798 2191 Aiace,
823 2103 897 2194 ipse
923 2125 1060 2194 quoqne
1081 2102 1115 2171 in
1139 2105 1294 2178 α’ντατι-

190 2233 354 2335 μοῖσαιμ’
375 2240 421 2314 oia
440 2239 573 2328 incidit,
605 2240 735 2309 nescius
757 2264 778 2307 a
799 2238 925 2306 Bothio
949 2239 1016 2306 hoc
1041 2262 1113 2308 esse
1142 2263 1293 2333 occupa-

190 2387 272 2447 tum.
324 2377 362 2445 ln
381 2377 530 2465 decimo,
556 2374 706 2444 eiusdem
727 2383 851 2467 poetae
867 2377 901 2443 in
915 2372 1071 2467 Elecua,
1098 2378 1293 2446 sententiam
1356 2462 1357 2467 ἵ

188 2514 360 2604 requirere
382 2511 449 2587 acio
471 2515 641 2583 existimat
691 2513 732 2581 ln
753 2513 950 2599 undecimo,
985 2512 1078 2603 qnod
1100 2515 1200 2581 estin
1220 2516 1291 2584 Ae-

190 2651 298 2743 schyli
320 2650 462 2742 Septem
486 2651 530 2731 ad
544 2649 701 2738 Thebae,
726 2659 764 2718 ut
779 2673 865 2743 ego,
894 2649 940 2723 iia
961 2642 1206 2748 ἀληθεύσαιμ’
1223 2645 1291 2746 c'yoi

103 2756 107 2771 Ι
190 2787 345 2881 corrigit,
369 2787 465 2857 aliter
484 2796 599 2858 tamen
617 2787 662 2856 de
679 2790 887 2883 praegressis
906 2789 1016 2857 verbis
1035 2788 1189 2857 sentiens.¹
