2842 4920
329 320 336 335 ⁹
441 406 445 412 =
483 375 568 442 ιιι.
590 377 630 442 ιι.
675 374 775 440 οιι.
795 383 826 447 τ.
1152 391 1213 457 ιοι

103 557 199 629 Etr
213 552 301 630 805.
318 558 527 657 depopulat

208 715 245 786 εἰ
274 714 317 788 δέ
348 712 437 789 ποτ’
465 720 513 800 ric
544 714 659 817 α’χρόν
692 715 800 803 οὗτος
832 717 1004 797 αἰιιλθοίν
1035 729 1214 826 ειρηναῖοι

206 915 355 994 reid
284 922 355 1071 χῖδ
352 946 401 1015 ρα
427 917 555 1017 φαχολτ
579 823 926 1056 ἀναθαρριρξιῖχῗίλλιλλ
947 926 1198 1030 στιμφιλλῳ’
1164 962 1213 1018 τις

726 1035 836 1122 λοχον
860 1031 973 1128 ἔλθῃ,
1160 1051 1165 1062 ’

119 1218 123 1226 Ι
204 1114 384 1215 χνολσιται
406 1129 492 1199 οἴων
518 1119 670 1220 tysedi
694 1125 808 1204 αὐτόν
832 1132 880 1228 τῇ
895 1136 1117 1234 μισθοφορᾷ
1135 1166 1211 1212 πα-

725 1228 916 1331 ρινόπτοο

101 1373 161 1443 Sic
171 1373 249 1442 libri
262 1384 400 1469 praeter
418 1376 581 1447 Brunckii
596 1380 854 1473 membranas,
843 1407 877 1455 ιιι
893 1389 1014 1478 quibus
1030 1400 1081 1460 est
1090 1391 1210 1481 iidoc,

100 1476 417 1572 qnedillerecepit,
431 1481 765 1579 scripsitqnedtcro'
726 1486 1139 1590 ριψειοῐοὶναθαρρήσει.
1164 1494 1212 1562 At

100 1590 195 1648 recte
212 1604 250 1648 se
264 1580 413 1650 habebnt
428 1585 577 1704 vnlgata
628 1589 717 1656 Nam
730 1588 799 1657 hec
814 1591 904 1678 dicit,
930 1595 972 1684 si,
993 1595 1087 1684 qnod
1100 1597 1211 1689 optari

27 1682 32 1690 “
100 1684 209 1774 magis
224 1705 327 1772 qnam
342 1687 470 1776 sperari
485 1696 609 1778 petest,
631 1691 742 1782 pacis
760 1693 1062 1791 mnneridnssrui
1071 1700 1210 1790 populo

100 1786 320 1879 contigerit,
345 1789 493 1876 sentiet,
520 1793 667 1882 quantis
684 1791 786 1864 denis
801 1821 827 1866 α
852 1798 984 1870 Cicone
991 1799 1116 1895 fuerit
1125 1800 1209 1894 pri·

100 1898 218 1960 υσλαο.
270 1890 310 1958 ln
322 1891 413 1960 Pace
429 1916 460 1961 v.
477 1889 565 1964 45⁰.

203 2043 263 2115 τιεῖ
282 2068 340 2122 τις
365 2050 579 2164 στρατηγεῖν
603 2042 826 2141 βουλόμενος
850 2062 904 2148 μή
929 2047 1105 2151 ξολλοῖβη,

206 2143 230 2241 ἢ
256 2145 383 2227 δοῦλος
408 2142 628 2241 αοτομολιῐν
654 2157 1009 2248 παρεσκευασμένος,

203 2247 263 2322 ἐπὶ
288 2247 360 2321 τοῦ
383 2250 520 2345 τροχοῦ
544 2280 566 2344 χ
573 2246 749 2327 ἕλκοιτο
774 2283 1074 2352 μαστιχοομτνος.

99 2399 157 2471 Sic
174 2400 249 2468 htm‘
276 2422 392 2468 omnes
420 2410 454 2469 et
470 2402 592 2472 Suidns
608 2427 639 2473 ι.
662 2399 806 2500 τροχός,
832 2411 895 2478 nisr
884 2410 1004 2501 qnod
1017 2411 1127 2479 hic’
1091 2438 1122 2483 ει
1141 2433 1206 2502 pro
1230 2421 1233 2429 '

98 2506 161 2576 τιεί.
216 2502 311 2572 Male
336 2505 460 2597 corrigi
483 2503 568 2595 κᾶν,
590 2516 737 2599 arguunt
761 2532 849 2597 qnae
862 2509 1136 2603 praeceduntff'
1113 2539 1207 2592 οςτις

99 2606 137 2678 δὲ
152 2600 430 2699 adimentem
451 2602 715 2700 βούλιται,-
745 2613 804 2682 τιεῖ
823 2641 879 2694 τις
904 2621 1127 2708 φθονεῖ.-
1153 2617 1210 2685 κεῖ

98 2735 153 2789 τις
176 2713 362 2800 ἐπιθυμεῖ.
414 2710 514 2795 Quae
543 2721 620 2781 snnt
638 2713 821 2805 eiusmodi,
853 2724 889 2785 nt
912 2717 967 2785 hic
989 2741 1124 2808 quoque
1152 2719 1210 2788 κεῖ

98 2812 329 2984 'lagenam
357 2835 379 2880 e
405 2823 511 2906 poete
540 2839 614 2885 esse
645 2816 846 2886 dubitari
815 2842 870 2888 vrx
901 2821 1016 2912 possit.
1074 2821 1204 2889 Pariter

98 2935 128 2980 V·
225 2971 234 2989 .

199 3040 323 3159 χοῖςτις
348 3062 550 3165 προθύμοις
575 3065 730 3165 ξολλοῖβῃ
755 3069 828 3144 τοῖν
855 3070 1033 3161 σχοινίων,

200 3171 336 3245 τοῦτον
362 3165 428 3275 τόν
453 3169 569 3269 ἄνδρα
594 3165 648 3268 μή
673 3178 798 3266 λαβεῖν
824 3167 913 3246 πότ’
943 3169 1087 3247 α’σπίδα.

97 3322 166 3392 Vbi
188 3324 339 3413 quamvis
364 3325 399 3392 in
416 3325 512 3392 bonis
534 3324 626 3394 libris
646 3319 817 3418 ξυλλάβοι
842 3327 899 3410 sit,
924 3337 1037 3394 tamen
1058 3327 1202 3398 deterius

96 3425 239 3498 videtrtr.
290 3426 486 3495 Herodotus
509 3428 561 3515 11,
588 3427 648 3499 13.
681 3451 786 3517 quum
808 3429 944 3498 dixisset
973 3431 1089 3500 Nilum
1111 3432 1202 3520 olim,

97 3530 124 3596 si
143 3529 319 3599 minimum
340 3539 418 3598 octo
436 3530 566 3599 cubitos
593 3533 803 3615 accrevisset,
828 3533 905 3600 loca
921 3533 1009 3600 infre·
1020 3533 1202 3626 Memphin

95 3632 291 3720 inundasse,
316 3632 509 3726 itepergit:
534 3634 599 3705 νῦν
616 3635 706 3706 δὲ’
671 3661 702 3705 ιι
721 3629 774 3724 μή
797 3639 840 3706 e'rr
848 3631 1097 3708 ἑκκαίδεκα
1066 3662 1095 3757 ἠ
1111 3664 1200 3710 πιν-

95 3734 283 3815 τιναλδεκα
307 3729 440 3856 πήχεας
463 3733 585 3859 ἀναβῇ
609 3728 899 3824 τούλάχιστον
879 3764 898 3810 ο
925 3732 1108 3829 ποταμός,
1135 3734 1199 3811 οὐκ

96 3834 342 3930 ὑπερβαίνει’
323 3865 358 3919 ec
372 3865 441 3933 την
457 3831 585 3934 χώρην.
635 3838 728 3906 Vnus
742 3847 871 3906 tantum
887 3838 1038 3908 codex*
1013 3867 1081 3935 ην,
1107 3843 1200 3932 qnod

95 3939 191 4007 dedit
203 3940 419 4028 Scheeferus,
445 3949 480 4010 et
487 3939 721 4034 reponendum
735 3941 864 4011 censuit
878 3942 1070 4012 Werferus
1060 3945 1198 4014 rnActis

94 4041 233 4111 Monac.
259 4044 305 4117 T.
325 4044 352 4112 l.
376 4068 415 4136 p.
439 4042 525 4111 100.
551 4052 752 4130 mareote,
781 4054 818 4113 nt
837 4044 920 4113 mihi
944 4045 1085 4115 videtur.
1136 4048 1198 4126 Est

95 4146 184 4214 enim
200 4145 269 4214 hoc
281 4146 475 4241 niciforte‚
495 4146 590 4236 qnod
606 4147 667 4214 etsi
679 4147 790 4238 potnit
800 4146 856 4215 hic
871 4148 949 4237 dici,
966 4159 1078 4218 temen
1092 4151 1198 4219 multo

93 4251 205 4340 aptior
227 4258 278 4318 est
295 4251 414 4319 fortius
439 4272 596 4343 expresse
618 4248 783 4335 conditio,
815 4250 902 4338 nisi,
935 4276 1003 4343 qua
1023 4253 1197 4338 indicetur,
1330 4246 1339 4265 '

93 4352 255 4421 essehoc
275 4363 369 4422 extra
391 4353 552 4422 ordinem.
603 4351 738 4423 Eodem
757 4355 861 4424 modo
882 4357 1004 4424 erravit
1024 4354 1196 4423 Werferns
