2842 4920
224 359 269 423 τι
403 333 406 337 “
568 355 626 420 nu
649 354 927 418 nanurcvnr
948 349 997 421 ev

224 553 380 638 ternpore
395 546 552 640 intelligi,
578 567 621 616 ex
637 568 679 615 eo
701 568 911 639 cognoscere
924 545 1003 615 licet
1019 545 1102 637 quid
1120 548 1338 619 statuendum

225 650 267 719 sit
283 650 328 718 de
344 651 578 744 Aristophanis
594 650 721 719 locoru
733 650 866 721 Eccles.
884 648 969 722 140.

271 894 273 898 Α
328 802 387 875 καὶ
412 797 458 899 rvi
470 802 560 876 Δία
587 798 840 895 σπένδουσίχ’
866 800 1013 898 ἢτίνος
1038 795 1145 924 χοῖριν
1260 809 1263 814 ’

295 901 495 980 τοσοῦτοί
521 902 557 999 χ’
585 901 748 1001 εὔχοντ’,
776 907 876 1002 εἴπερ
903 902 999 985 οἶνος
1023 900 1078 1002 μή
1102 905 1246 1003 παρῆν,·

224 1049 398 1128 Audacius
416 1067 450 1126 et
469 1059 626 1126 temerius
644 1057 748 1126 edidit
764 1057 1029 1145 Brunckius,
1005 1086 1027 1154 η
1045 1085 1143 1139 τινος
1163 1056 1210 1131 ἄν
1229 1053 1337 1153 χάριν

222 1157 381 1233 τοσαῦτ’
402 1155 621 1251 ἑπεύχοιντ’.
674 1159 753 1228 ald.
775 1157 929 1232 τοσαῦτ’
945 1155 1144 1250 ἑπούχοντ’.
1196 1162 1336 1230 Raven-

223 1286 284 1331 nas
302 1260 458 1336 τοσαῦτ’
480 1260 636 1353 εὔχοντ’.
688 1263 743 1330 Ex
767 1263 843 1330 cod.
865 1263 1003 1331 Monac.
1025 1263 1118 1356 apud
1138 1265 1336 1332 Dobraeum

223 1365 419 1434 adnotatum
443 1362 598 1440 τοσαῦτ’
627 1362 758 1456 ἔχοντ’.
810 1367 908 1434 Patet
933 1390 1033 1452 vero,
1069 1364 1215 1456 εὔχοντ’
1240 1368 1336 1449 illud,

192 1500 196 1510 ·
222 1469 250 1538 si
267 1471 340 1557 quis
357 1466 455 1537 id*
413 1497 565 1559 ευχοντο
584 1493 656 1538 esse
669 1476 778 1562 putat,
801 1471 893 1538 nullo
909 1471 1013 1538 modo
1027 1471 1217 1591 significare
1232 1494 1335 1561 posse

190 1581 476 1681 precarentur.
529 1573 647 1657 Quare
673 1581 729 1640 aut
758 1581 809 1640 est
828 1571 1019 1662 εὔχονται,
1053 1583 1128 1661 aut,
1155 1574 1183 1641 si
1206 1574 1336 1666 imper-

190 1657 349 1745 fectum
365 1686 432 1766 cst,
459 1676 559 1745 scribi
573 1676 677 1745 debet
689 1672 845 1748 τοσαῦτ’
861 1676 907 1747 ἄν
922 1673 1076 1767 εὔχοντ.

324 1730 491 1849 Adiiciam
512 1779 582 1868 his,
607 1789 733 1848 utnon
752 1778 820 1846 huc
833 1781 1003 1871 pertinere
1022 1801 1196 1869 moneam,
1222 1751 1335 1848 locum

221 1881 478 1954 Maarsares

320 2032 462 2117 ,οὔποτε
488 2027 557 2127 yolo
585 2026 768 2129 φρονόθον
793 2030 830 2127 χ’
856 2031 916 2108 ἐπ’
943 2025 1117 2130 descend,

324 2143 394 2209 παῖ
420 2135 763 2228 Τελαμῶνος,.ἔβοις

323 2232 481 2327 τόσσον,
508 2242 547 2310 ἐν
572 2243 745 2330 coturnis
770 2229 918 2310 πιττῶν.

220 2388 446 2462 Blomlieldus
470 2391 515 2458 ad
535 2389 701 2481 ‘Aeschyli
718 2392 809 2460 Pers.
830 2387 917 2457 871.
941 2387 987 2462 ἄν
1004 2352 1337 2480 ἰιιεοιοιιᾱιιιιιριιιο-

219 2497 290 2569 bat.
341 2496 389 2566 At
411 2494 500 2562 illud
526 2518 593 2563 nou
624 2495 659 2562 in
680 2493 769 2569 hanc
793 2494 989 2562 sententiam
1014 2492 1250 2585 accipiendum
1272 2500 1335 2578 est,

113 2678 117 2684 ,
218 2621 291 2669 noa
312 2599 367 2669 ita
383 2598 612 2683 insaniisses‚
642 2597 704 2666 scd
722 2598 790 2667 lroc
810 2597 914 2665 modo
931 2595 1241 2688 interpretandum:
1262 2617 1335 2664 aon
1398 2665 1401 2668 ,

219 2703 313 2772 enim
331 2724 356 2768 a
370 2724 467 2770 sana
482 2711 603 2770 mente
622 2701 679 2770 ita
700 2702 754 2768 ad
761 2721 944 2795 perversa
961 2699 1159 2769 aberrasti.

324 2804 506 2873 Caeterum
524 2806 623 2872 etiam
638 2805 812 2872 Romanos
828 2813 957 2871 constat
971 2804 1092 2872 eadem
1107 2805 1240 2896 ligura,
1266 2823 1334 2890 qua

219 2907 346 2976 Graeci
365 2909 414 2975 uti
439 2917 699 2994 consueverunt,
725 2908 818 2975 inre
840 2908 1021 2998 praeterita
1044 2907 1243 2974 indicativus
1266 2926 1332 2996 pro

219 3011 435 3079 coniunctivis
458 3033 631 3103 usurpare.
684 3011 772 3080 Satis
793 3010 907 3078 habeo
928 3010 972 3079 de
993 3011 1144 3102 plurimis
1160 3032 1264 3078 unum
1279 3008 1333 3075 al·

217 3114 308 3184 ferre
324 3115 526 3207 exemplum.
579 3114 739 3183 Horatius
759 3113 872 3186 Carm.
886 3113 931 3181 Π.
945 3113 1005 3201 lt,
1020 3112 1080 3181 28.

383 3289 442 3335 me
468 3276 620 3335 truncus
646 3267 801 3359 illapsus
826 3263 976 3347 cerebro

426 3371 648 3458 sustulerat,
674 3370 745 3440 nisi
770 3369 921 3440 Faunus
946 3369 1057 3439 ictum

348 3469 486 3541 dextra
511 3473 679 3544 levasset.

203 3875 285 3990 ‘De
310 3877 576 3978 indicativo
594 3883 845 3976 particula
866 3879 921 3955 ἄν
943 3876 1125 3950 ironice
1148 3876 1330 3948 omissa.

320 4032 475 4122 Denique
492 4036 557 4103 alia
571 4037 655 4104 ratio
673 4047 722 4107 est
737 4035 894 4106 orationis
909 4034 1065 4102 ironicae.
1119 4034 1209 4100 Nam
1225 4054 1331 4121 quum

216 4134 342 4201 ironiae
362 4136 422 4222 sit,
450 4142 652 4208 contrarium
669 4142 794 4233 dicere,
820 4162 922 4230 quam
942 4136 1082 4228 intelligi
1102 4137 1236 4221 debeat,
1261 4157 1330 4204 non

217 4245 268 4306 est
280 4238 480 4330 obscurum,
509 4267 567 4329 ea,
593 4267 680 4333 quae
702 4246 772 4314 sine
796 4243 904 4312 ironia
925 4264 1003 4308 curn
1024 4240 1192 4332 particula
1212 4238 1259 4311 dr
1276 4238 1329 4306 di-

217 4341 324 4410 cenda
343 4355 466 4434 essent,
493 4348 520 4416 si
534 4347 660 4417 ironice
676 4349 842 4438 dicuntur,
856 4347 986 4430 'carere
1003 4343 1130 4414 debere
1153 4343 1327 4435 particula.
