2842 4920
184 386 248 450 2OE
475 379 992 443 DEHYPERBOLE

286 573 443 664 μέλαινα
459 566 494 644 δ’
509 567 640 655 οὕτως,
666 568 754 652 ciera
773 569 964 655 sclaomir
978 566 1121 653 σκότος·

183 763 272 832 quae
285 762 354 809 non
371 750 421 810 est
437 741 653 810 formositatis
667 742 872 830 imminutio,
895 741 956 810 sed
976 742 1158 833 superlatio
1169 741 1288 813 delor-

181 844 313 916 mitatis.

284 948 325 1016 lu
344 948 437 1016 omni
460 947 653 1038 hyperbole
675 949 873 1039 requirimus
895 957 934 1016 ut
957 947 1043 1015 iusta
1068 947 1130 1031 sit,
1154 948 1177 1019 i.
1200 971 1229 1017 e.
1251 959 1288 1016 ut

182 1054 351 1120 contineat
365 1074 416 1138 ea,
430 1051 464 1119 in
474 1052 720 1140 quibusnatma
732 1052 843 1143 posita
852 1059 902 1120 est
913 1050 1137 1142 hyperbolae.
1165 1049 1287 1142 Opor-

181 1156 345 1248 tetigitur
365 1178 550 1247 apparere,
576 1156 713 1223 nimium
729 1156 796 1223 dici
816 1156 885 1223 cius
902 1155 995 1243 quod
1011 1155 1173 1223 extollere
1185 1155 1285 1225 volu-

181 1282 263 1330 mus.
315 1259 355 1325 ln
382 1281 450 1349 qua
477 1282 515 1327 re
536 1244 641 1327 tribus
666 1259 774 1327 modis
795 1259 932 1351 peccari
957 1266 1087 1350 potest,
1112 1258 1168 1327 vel
1192 1259 1285 1349 quod

180 1385 300 1455 parum
316 1371 367 1431 est
389 1361 552 1446 dicendo,
579 1363 635 1430 vel
654 1363 804 1432 tollendo
817 1385 922 1456 supra
939 1361 1080 1431 modum
1088 1416 1103 1451 ,
1129 1362 1185 1430 vel
1200 1386 1284 1453 per-

179 1489 301 1557 peram
316 1466 483 1557 augendc.
534 1465 685 1534 Primum
706 1466 789 1534 illud
815 1489 919 1556 quum
941 1467 997 1549 lit,
1022 1489 1129 1557 prava
1150 1475 1202 1534 est
1215 1465 1283 1556 hy-

179 1570 323 1660 perbole
342 1592 403 1652 eo,
425 1569 537 1660 quod,
565 1592 669 1658 quum
685 1571 834 1661 speciem
851 1569 1064 1661 hyperbolae
1077 1592 1161 1662 prae
1178 1593 1216 1638 se
1230 1570 1284 1638 le-

180 1682 249 1757 rat,
275 1696 314 1741 re
336 1696 418 1740 vcra
437 1674 527 1740 nulla
549 1682 618 1760 cst,
645 1697 685 1741 ac
704 1673 821 1741 minuit
842 1673 972 1765 potius:
997 1681 1055 1759 ut,
1082 1695 1189 1762 quum
1206 1674 1283 1741 Ro-

179 1776 269 1843 mani
283 1785 440 1845 sexcenta
459 1775 503 1844 de
523 1799 665 1845 numero
679 1777 821 1844 modum
841 1776 1024 1845 excedente
1039 1776 1167 1862 dicant,
1192 1777 1283 1845 male

179 1902 222 1947 eo
240 1881 346 1947 verbo
368 1889 537 1964 uteretur,
563 1880 622 1971 qui
644 1903 686 1948 ex
707 1882 867 1949 matutina
890 1880 1005 1972 pluvia
1019 1879 1172 1947 nubilum
1190 1879 1282 1949 diem

178 1984 354 2075 auguranti
372 1983 518 2066 diceret,
545 1987 746 2072 sexcenties,
772 2007 876 2075 quum
899 2006 998 2051 mane
1019 1984 1176 2075 pluisset,
1202 1993 1282 2074 post

175 2086 351 2154 meridiem
365 2086 487 2154 sudum
503 2088 617 2158 fuisse.
672 2088 867 2157 contrarius
879 2087 958 2155 huic
973 2110 1068 2155 error
1081 2095 1149 2168 est,
1174 2108 1280 2175 quum

175 2189 259 2278 quid
282 2210 385 2280 supra
409 2189 550 2256 modum
572 2191 740 2259 attollitur.
794 2193 882 2259 Nam
905 2192 966 2259 etsi
987 2191 1022 2259 in
1039 2191 1131 2258 omni
1147 2188 1279 2282 hyper-

174 2291 255 2359 bole
276 2292 414 2360 nimium
430 2291 497 2360 dici
516 2302 668 2384 oportet,
694 2304 808 2362 tamen
833 2294 932 2361 etiam
953 2295 988 2361 iu
1006 2294 1109 2361 nimio
1130 2293 1216 2361 illud
1230 2302 1279 2362 est

173 2394 322 2481 nimium,
348 2396 443 2486 quod
457 2419 530 2465 rem
546 2406 794 2467 monstruosum
809 2398 844 2464 in
858 2396 998 2465 modum
1018 2406 1132 2489 auget.
1172 2394 1278 2465 Mou-

149 2495 350 2568 5struosum
375 2509 488 2569 autem
511 2508 581 2587 est,
614 2502 708 2591 quod
734 2511 889 2570 naturam
908 2501 958 2569 rei
986 2500 1132 2592 perimit
1184 2500 1277 2569 Talis

175 2612 262 2671 esset
283 2603 340 2669 illa
359 2603 452 2695 apud
468 2604 656 2671 Homerum
672 2600 802 2677 ἑκατόι
817 2605 954 2675 πολέων
973 2600 1163 2697 npvla'ano'
1184 2598 1277 2699 ᾇρα-

174 2711 259 2799 ρυῖα
274 2708 375 2796 galea
396 2706 590 2791 Minervae,
617 2707 711 2779 Iliad.
733 2708 772 2773 V.
792 2705 877 2774 744.
893 2706 980 2790 siis,
1005 2707 1100 2795 quod
1113 2707 1275 2775 nonnullis

172 2808 311 2899 placuit,
336 2817 406 2875 tam
420 2831 579 2900 magnam
596 2808 740 2896 dixisset,
766 2818 804 2876 ut
816 2817 949 2877 centum
964 2809 1098 2877 urbium
1113 2811 1275 2901 peditatui

171 2909 350 2979 sufficeret.
404 2913 493 2980 Nam
511 2921 635 2979 eatam
649 2923 743 2981 vasta
757 2922 807 2980 est
827 2911 1042 3003 magnitudo,
1069 2908 1229 3002 quantam
1240 2915 1274 2981 iu

171 3014 274 3106 galea
291 3015 319 3083 si
340 3016 491 3108 cogitare
514 3017 587 3105 quis
604 3016 700 3102 velit,
727 3016 815 3084 elabi
833 3016 942 3083 animo
958 3014 1141 3108 imaginem
1155 3019 1273 3110 galeae

171 3141 311 3187 necesse
335 3120 383 3189 sit.
436 3120 591 3187 Tertium
615 3120 681 3187 vitii
697 3143 805 3212 genus
819 3141 1002 3211 perperam
1019 3120 1180 3211 augendo
1198 3143 1271 3189 cer-

169 3222 273 3290 nitur:
301 3222 393 3311 quod
411 3223 449 3289 lit
469 3221 626 3313 augendo
650 3246 708 3310 eo,
735 3223 827 3312 quod
849 3231 984 3289 auctum
1002 3223 1057 3290 vel
1081 3224 1164 3291 nihil
1190 3246 1271 3291 con-

168 3324 236 3391 fert
256 3322 300 3391 ad
317 3324 611 3415 amplificationem
629 3326 697 3411 rei,
723 3326 778 3392 vel
799 3350 874 3393 eam
888 3327 1061 3416 pervertit.
1114 3326 1204 3394 lllud
1217 3327 1270 3393 fe-

168 3426 213 3492 cit
245 3428 381 3495 Paullus
411 3427 616 3497 Silentiarius
645 3430 679 3496 in
715 3428 958 3523 epigrammate
981 3429 1026 3495 ad
1051 3430 1194 3498 amicam
1219 3428 1269 3496 his

166 3529 332 3599 versibus:

268 3700 381 3796 μηδὲν
400 3699 455 3774 ἔοι
473 3695 520 3774 ad
535 3696 690 3792 μεταξύ·
721 3701 974 3797 Σεμιράμιδος
991 3698 1061 3798 yolo
1079 3709 1192 3777 ἐκεῖνο

331 3808 448 3893 τεῖχος
464 3804 547 3897 ἐμοὶ
560 3808 677 3879 cloades
691 3799 823 3880 λειιτόν
837 3804 992 3901 ὕφασμα
1008 3808 1126 3880 σέθεν.

166 3973 268 4041 Hunc
281 3996 413 4041 murum
426 3975 663 4063 Semiramidis,
687 4001 789 4068 quern
801 3979 873 4046 iure
888 3978 1111 4047 Ruhnkeuius
1119 3979 1156 4063 in
1171 3981 1266 4071 epist.

167 4077 238 4147 crit.
250 4076 276 4142 1.
293 4100 328 4169 p.
346 4076 431 4149 132.
455 4075 552 4170 (⁴65.)
579 4090 615 4148 ut
631 4080 810 4149 ridiculum
829 4091 862 4149 et
876 4083 1042 4174 puerilem
1056 4083 1268 4174 vituperavit,

166 4202 208 4247 cx
224 4178 276 4246 his
291 4181 422 4268 Synesii
439 4204 494 4270 ep.
510 4182 544 4249 4.
570 4193 749 4275 acceptum
763 4208 835 4252 esse
854 4187 981 4252 monuit
999 4183 1224 4275 Toupius:
1201 4214 1268 4258 οι-

164 4309 222 4362 τις
239 4277 412 4374 ἐπιβάται
429 4283 568 4356 πλεῖν
545 4312 566 4381 η
584 4281 820 4389 πιιιήιιοιτα,
851 4281 1120 4420 τριτημόριόν
1105 4313 1176 4359 που
1194 4282 1268 4381 μα’-

163 4388 270 4457 λιστα
293 4391 472 4477 γυναῖκες,
499 4394 539 4460 αἱ
563 4384 704 4470 πλιιόυς
725 4393 803 4463 udor
824 4390 885 4462 και
906 4386 1049 4483 αγαθαὶ
1070 4411 1135 4472 τας
1154 4390 1268 4484 ὄψεις
