2842 4920
553 383 639 446 ΗΒ.
662 384 684 449 1
728 385 822 446 CAP
843 391 930 452 lo..
1221 395 1265 460 58

151 573 330 667 Antiphon
350 598 390 694 p.
410 571 497 641 712.
526 568 568 646 εδ
586 567 657 669 μοίρ
679 571 813 671 ᾔδειτ’
789 604 851 649 οτι
874 571 1026 659 ουδεις
1001 607 1047 651 αν
1062 575 1106 679 ἦν
1123 605 1199 667 σοι,
1226 582 1264 664 ὃς

152 683 290 753 ἐκεῖνον
313 671 380 750 τόν
404 673 513 772 ὄρκυν
539 649 843 769 διομοσίίμενος’
824 679 917 770 εμοῦ
933 676 1266 812 κατεμαρτύρησεν

151 780 395 872 Dinarchnsp.
416 778 521 852 lo.
504 806 549 873 οφ
581 806 635 858 οις
650 806 713 851 ουκ
731 777 844 853 οιδ
821 809 896 854 οτι
914 810 986 856 ποτ
1016 783 1203 866 α’νίποιᾝει
1231 790 1266 860 εί

151 887 284 981 συνέβη
307 882 575 976 κατορθῶσδαι
605 879 705 976 αότῳ
732 882 758 954 οἳ
790 880 1079 1011 συνεβούλευσεν
1132 888 1262 959 Demo-

151 988 289 1056 sthenes
303 985 349 1053 ad
359 984 552 1110 Phaenipp.
568 985 637 1056 init
652 1010 689 1077 p
705 984 815 1070 1⁰38
821 986 906 1060 4
870 1016 961 1083 ειμη
974 1017 1044 1080 γαρ
1062 987 1262 1116 οὗτοςήμῖν

151 1088 277 1207 σοφοῖς
290 1083 454 1181 διώρισε,
482 1085 520 1158 τί
532 1085 679 1215 πρῶτον
702 1091 756 1161 δεῖ
776 1096 895 1163 ποιεῖν
915 1118 1000 1172 τους
1019 1088 1262 1167 α’ντιδεδωκό-

151 1202 220 1272 τάς
237 1190 298 1263 καί
315 1219 351 1262 τι
346 1184 556 1285 δεύτερον,
581 1217 640 1261 και
634 1188 774 1263 ταλλα
793 1190 830 1265 δ
846 1193 983 1288 ἐφεξῆς,
1009 1191 1074 1267 οὐκ
1089 1191 1198 1268 oid*
1175 1224 1262 1270 οποι

151 1291 385 1414 προῆλθεν
360 1320 406 1363 αν
423 1289 446 1387 η’
463 1307 619 1364 τουτουι
600 1293 841 1366 Φαινίππου
860 1289 990 1388 τόλμα.
1033 1297 1241 1367 Interdum
1216 1327 1262 1371 αν

151 1398 254 1466 etiam
268 1436 273 1445 ,
287 1395 506 1489 praecedit
497 1419 531 1463 m
556 1394 622 1462 hac
656 1396 817 1487 formula,
856 1407 893 1466 ut
920 1401 1012 1492 apud
1039 1401 1236 1470 eumdem
1226 1426 1262 1470 m

151 1494 1261 1596 8ουρ11.1.ρ.1163,26Ηεμωγαραυτοςουκανοιδοτι

152 1599 298 1677 ἄλλο
264 1629 362 1693 ειχον
386 1600 639 1724 ψηφίσασθαι,
673 1602 746 1673 τόν
772 1607 1032 1724 πεπραγμένων
1053 1607 1122 1700 μὲν
1150 1608 1261 1705 μηδὲν

152 1700 272 1794 ridde,
300 1734 347 1776 τα
339 1698 405 1777 di
424 1696 712 1799 μαρτυροίμενα
728 1698 878 1778 οίκοόεον.

256 1808 328 1877 Sed
342 1809 401 1876 ubi
418 1808 600 1875 sententiae
617 1807 699 1874 istae
720 1830 761 1874 ex
781 1808 846 1875 alia
860 1809 1070 1893 sententia,
1061 1834 1095 1877 m
1111 1833 1178 1900 qna
1193 1812 1261 1879 iam

150 1915 235 1981 inest
259 1911 405 1979 conditio
427 1933 496 1978 non
516 1909 672 2001 impleta,
700 1911 868 2002 pendent,
894 1934 961 1979 non
981 1911 1116 1981 additur
1132 1912 1198 1990 σίν,
1226 1925 1262 1983 et

150 2026 243 2084 recte
257 2014 406 2105 quidem.
460 2015 549 2081 Nam
568 2036 655 2102 quae
670 2015 850 2105 primariae
866 2016 1048 2084 sententiae
1065 2027 1184 2084 natura
1200 2027 1260 2105 est,

151 2120 272 2188 eadem
284 2126 334 2186 est
342 2119 453 2201 etiam,
466 2118 669 2209 plerumque
677 2119 807 2204 saltem,
820 2141 946 2204 earnm,
964 2143 1050 2211 quae
1059 2143 1102 2188 ex
1110 2144 1150 2188 ea
1158 2130 1260 2213 aptae

151 2230 237 2296 sont.
264 2222 349 2289 Vtar
365 2221 497 2288 adrem
515 2220 809 2289 demonstrandam
824 2223 981 2314 exemplo
1000 2247 1138 2316 prorsus
1152 2226 1260 2313 simili,

150 2335 256 2413 ntea,
285 2347 373 2414 qnae
391 2324 495 2391 modo
512 2324 616 2397 attuli.
643 2324 878 2418 Lycurgnsp.
900 2324 986 2399 165
1011 2326 1113 2417 (242.
1127 2328 1258 2418 Bekk.)

150 2431 271 2500 καίτοι
297 2425 381 2499 κατ’
406 2425 560 2506 ἐκείνους
584 2454 668 2506 τους
691 2421 864 2522 χρόνους,
892 2424 921 2500 oi
946 2427 1088 2550 ἄνδρες,
1116 2429 1169 2510 τίς
1194 2427 1258 2502 οόκ

150 2531 195 2604 oia
210 2557 279 2619 την
292 2525 398 2602 πόλιν
414 2525 605 2653 η’λίησεν,
604 2525 648 2601 ου’
663 2524 780 2621 μόνον
799 2528 956 2654 πολίτης,
984 2527 1076 2604 α’λλοί
1091 2559 1147 2602 και
1141 2531 1260 2613 ξένος

150 2639 187 2709 ἐν
208 2641 286 2714 τοῖς
306 2634 517 2727 ἔμπροσθεν
536 2625 681 2755 χρόνοις
699 2628 978 2730 ε’πιδεδημηκυίςς
1003 2661 1056 2714 τις
1074 2630 1154 2708 δ
1131 2661 1175 2730 ην
1191 2632 1258 2707 ori-

148 2765 260 2862 τωςη
290 2729 520 2863 μισόδημος
515 2728 602 2807 τότε
631 2763 651 2832 η
676 2733 1002 2858 μισαθήναιος,”
980 2765 1073 2818 οςτις
1101 2733 1257 2834 ἐδυνήθη

150 2839 196 2912 dv
225 2837 386 2911 ἄτακτον
408 2830 540 2909 ἑαυτόν
566 2835 761 2931 υπομείναι
785 2841 898 2931 ιδεῖν,
933 2842 1041 2909 Recte
1062 2840 1187 2909 iltud‘'
1165 2869 1259 2921 οςτις

149 2936 352 3038 ε’δυνὴθη
329 2970 373 3012 αν
396 2940 609 3028 dictumest,
639 2942 718 3029 quia
739 2942 810 3008 sine
828 2942 1019 3012 conditione
1040 2943 1168 3011 dictum
1186 2952 1259 3010 erat

149 3045 185 3113 id
205 3067 248 3113 ex
265 3067 333 3134 quo
347 3042 415 3110 hoo
430 3042 576 3134 pendet:
604 3042 683 3132 quis
705 3042 861 3111 tantem
877 3043 1059 3114 civitatem
1074 3044 1256 3137 odiosus,

150 3158 190 3218 ot
213 3147 383 3216 militiam
408 3139 717 3215 detrectaoisset?
758 3144 832 3213 Sed
849 3145 908 3212 nbi
928 3147 975 3213 ita
995 3149 1190 3232 mutaveris,
1220 3152 1258 3213 nt
1335 3138 1339 3146 ’

150 3251 324 3319 conditio
314 3273 350 3317 ιιι
361 3250 581 3369 principalem
591 3249 787 3317 sententiam
801 3249 1003 3375 recipiaturp
1013 3247 1120 3331 τίςοίν
1134 3278 1195 3373 ην
1193 3245 1256 3321 οὔ·

148 3383 199 3427 τω
213 3346 465 3449 μισόδημος,
456 3376 523 3420 ram
540 3353 611 3420 sine
625 3351 670 3424 dv
686 3352 868 3421 dicendum
882 3355 955 3439 erit,
981 3349 1074 3434 ὄςτις
1089 3345 1255 3477 εδυνῆθη

147 3458 204 3525 En
217 3456 384 3547 exempla.
421 3454 692 3525 Demosthenes
683 3478 717 3524 rn
736 3456 887 3528 Timocr
906 3481 942 3550 p
960 3453 1046 3545 705,
1063 3455 1171 3530 26.“
1152 3484 1191 3528 εν
1210 3482 1257 3528 αν

149 3556 335 3638 adeodate
352 3563 512 3632 ἐποιεῖτο
531 3551 788 3654 κατηγόρημα,
816 3555 838 3631 ὅ
859 3587 898 3631 τι
892 3553 1065 3687 δηποτε
1069 3555 1178 3632 τοῦτ
1201 3585 1254 3655 ην

146 3661 344 3790 Epicurus
332 3684 366 3728 m
385 3661 454 3753 Ep.
469 3662 513 3729 ad
527 3659 696 3734 Herodot.
711 3659 747 3734 6.
762 3685 799 3753 p
816 3659 902 3733 6.
866 3689 898 3733 ει
910 3690 961 3758 μη
978 3689 1022 3786 ην
1043 3686 1183 3734 οκενον
1196 3658 1256 3731 καί

148 3759 270 3860 χώραν
284 3763 344 3836 καί
361 3789 482 3858 αναφη
500 3757 609 3860 φύσιν
624 3758 867 3856 ὀνομάζομεν,
895 3761 958 3838 οιίκ
973 3762 1018 3836 οίν
1033 3760 1106 3853 εἶχε
1121 3754 1170 3835 τοί
1185 3755 1256 3834 σοί

147 3895 252 3961 ματα
278 3863 374 3941 ὅπου
368 3893 466 3990 ην,
500 3863 583 3939 oddo
614 3862 665 3938 δι
696 3862 742 3938 οὗ
765 3871 940 3956 ε’κινειτο,
966 3860 1136 3986 καθαπερ
1162 3863 1254 3986 poi-

148 3998 252 4045 νεται
273 3963 507 4098 κινούμενα.
534 3969 621 4042 lbid.
638 3966 726 4061 8..ρ
746 3968 782 4042 4.
811 3970 885 4042 εἴτε
906 3997 950 4042 το
967 3995 1071 4043 κενον
1087 3996 1131 4067 ην
1145 3993 1254 4063 ωρισ

147 4075 281 4165 μένον,
310 4068 375 4145 ου’κ
403 4070 449 4143 οίν
472 4099 545 4161 ειχε
573 4064 624 4145 τοί
649 4069 782 4167 ἄπειροι
818 4064 970 4164 σοίματα
996 4069 1090 4145 ὅπου
1120 4071 1252 4167 ἐνίστη.
1341 4085 1350 4108 ’

149 4178 226 4244 Non
243 4175 393 4244 debebat
407 4175 514 4267 recipi
503 4174 691 4267 Scaligeri
709 4174 937 4242 coniectura
912 4203 958 4247 οιν
974 4174 1074 4294 ε’στη,
1101 4196 1203 4263 qnam
1219 4182 1254 4241 et

147 4279 369 4370 grammatica
378 4277 545 4370 repudiat,
571 4286 606 4346 et
621 4300 701 4345 usus
714 4277 864 4368 Epicuri,
889 4287 926 4347 nt
938 4301 995 4369 qur
986 4276 1113 4346 ‘'hoc
1092 4301 1252 4373 ενστημα

149 4381 379 4475 vocetinEp.
398 4381 443 4448 ad
455 4380 612 4473 Pythocl.
629 4379 714 4474 op.
730 4377 791 4451 31.
1366 4401 1370 4406 ·
