2842 4920
156 371 220 434 180
491 367 551 427 DE
586 365 860 427 PARTlCVLA
881 362 928 429 ῦυ

157 543 383 653 πράττουσιν
407 557 588 651 ἐπιτιμᾷς.
640 556 681 624 ld
708 579 788 626 vero
812 577 880 625 non
904 555 1007 644 illud,
1040 556 1134 646 quod
1163 557 1270 627 modo

158 660 331 747 dicebam,
359 660 578 754 significabit,
605 660 667 728 sed
681 659 871 753 factoris,
892 660 948 727 vel
956 658 1096 752 facere
1115 661 1269 732 volenti-

158 763 242 848 bus,
268 764 334 834 ie.
351 761 376 835 ῦ
391 757 591 858 πράττοιεν
612 762 669 835 ἄν.
722 765 888 832 Nimirum
903 762 1006 831 fallax
1021 763 1190 853 quaedam
1211 789 1269 833 ra-

157 868 204 935 tio
223 867 321 935 istam
336 867 530 958 opinionem
546 869 700 959 peperit,
732 865 778 940 οἳν
794 867 972 959 participio
992 868 1142 936 iunctum
1162 869 1270 961 signi-

156 969 369 1039 licareidenr
391 969 485 1059 quod
506 973 635 1041 alcum
654 969 758 1039 verbo
775 972 878 1039 linito.
931 971 1020 1038 Nam
1044 972 1103 1039 ubi
1125 972 1269 1040 verbum

156 1074 337 1167 participio
357 1072 550 1141 adiunctum
573 1097 651 1141 cum
670 1072 715 1145 ἄν
736 1073 965 1142 consociatum
988 1083 1060 1163 est,
1088 1099 1167 1143 sane
1189 1098 1268 1167 par-

156 1178 308 1267 ticipium
327 1199 404 1243 curn
428 1175 474 1247 οἲν
494 1177 539 1243 ita
557 1179 641 1245 verti
660 1186 794 1268 potest,
821 1177 884 1244 sed
907 1199 976 1245 non
996 1187 1108 1246 tamen
1125 1180 1205 1268 quia
1222 1177 1269 1252 clv

157 1281 188 1349 ei
203 1289 253 1348 est
269 1278 432 1367 additum,
459 1279 520 1347 sed
533 1281 621 1369 qnia,
648 1280 676 1347 si
691 1281 878 1370 principale
891 1282 1033 1349 verbum
1046 1305 1112 1372 per
1122 1280 1167 1354 ἄν
1183 1304 1269 1349 con-

156 1382 350 1451 ditionalem
370 1385 566 1452 sententiam
590 1384 749 1474 praebet,
777 1385 877 1451 etiam
901 1393 1015 1474 partes
1036 1386 1107 1453 eius
1132 1394 1268 1453 senten-

154 1487 220 1555 tiae
231 1487 316 1555 tales
332 1495 417 1555 sunt.
470 1487 563 1555 Vtin
579 1486 765 1577 Lysistrata
780 1511 811 1554 v.
826 1485 913 1554 31⁰.

653 1638 712 1711 καὶ
728 1632 899 1721 πολλάκις
913 1640 1017 1713 ἔνδον
1033 1636 1080 1710 οἲν
1097 1633 1207 1711 οὖσαι

256 1736 464 1840 ηἰιοῦσαμεν
480 1739 526 1816 ἄν
544 1769 579 1814 τι
596 1742 709 1822 κανοῖς
730 1741 823 1835 ῦμῦς
838 1743 1149 1835 βουλευσαμένους
1171 1742 1267 1835 μέγα

773 1844 937 1941 πρῦχμα.

153 1999 200 2066 Et
222 1997 313 2067 istud
333 1999 445 2091 ipsum
471 1997 646 2085 Isocratis,
674 2000 701 2066 si
721 2000 768 2066 sic
791 1997 902 2085 dicas,
929 1997 955 2070 οἳ
980 2003 1056 2078 τοῖς
1078 1995 1197 2077 ἄλλοις
1222 1996 1267 2069 ἂν

153 2095 381 2197 πρῦττουσιν
394 2097 589 2198 ἐπιτιμῴης
604 2100 660 2175 ἄν.
713 2101 840 2172 Contra
852 2110 946 2170 recte
960 2124 1038 2168 cum
1054 2098 1122 2171 νῦν
1128 2155 1144 2188 ,
1170 2101 1268 2192 prin-

154 2205 254 2296 cipali
269 2205 374 2273 verbo
390 2207 460 2273 sine
474 2205 665 2274 conditione
678 2207 802 2298 posito.
826 2204 936 2295 Soph.
954 2201 1081 2274 Trach.
1099 2201 1217 2272 1107.

259 2353 342 2431 ἀλλ’
355 2352 398 2431 εῦ
412 2359 456 2451 γε’
467 2384 527 2431 τοι
538 2352 624 2432 τόδ’
642 2360 719 2432 ἴστε
726 2413 740 2448 ,
768 2356 834 2429 νῦν
849 2348 895 2429 τὸ
907 2355 1021 2452 μηδὲν
1037 2351 1108 2434 οῦν,

257 2459 323 2533 νῦν
339 2461 451 2559 μηδὲν
470 2467 606 2560 ἕρπων,
632 2455 700 2558 τήν
716 2489 755 2555 χε
768 2452 955 2556 δρῦσασαν
970 2451 1058 2531 τάδε

257 2558 482 2660 χειρώσομαι
498 2561 563 2637 νῦν
580 2564 702 2637 τοῖνδε.

152 2719 240 2786 Nam
265 2740 380 2785 sensus
401 2726 471 2806 est,
496 2709 738 2811 χειρώσομαι,
769 2711 829 2785 ναὶ
853 2712 898 2785 οἲν
923 2715 959 2785 εἰ
977 2713 1089 2807 μηδὲν
1111 2715 1186 2812 εἴην
1207 2714 1267 2786 ναὶ

151 2820 265 2916 μηδὲν
284 2824 449 2913 ἕρποιμι,
477 2817 731 2916 χειρωσαίμηυ.
785 2817 865 2886 Non
883 2825 969 2907 puto
986 2825 1099 2883 autem
1118 2816 1163 2888 ἄν
1179 2841 1265 2909 par-

152 2923 268 3015 ticipio
283 2921 435 2991 additum
448 2923 503 2990 vel
516 2922 662 3009 nomini,
688 2921 733 2989 ad
746 2920 840 3011 quod
858 2919 1111 3012 intelligendum
1127 2930 1190 3004 est,
1218 2923 1265 2990 sic

152 3025 314 3119 explicari
332 3049 435 3116 posse
458 3034 495 3095 nt
518 3025 745 3095 coniunctivus
774 3025 1007 3109 substituatur,
1044 3023 1100 3111 qui
1128 3024 1265 3110 modae,

80 3182 85 3191 -
152 3141 189 3199 ut
206 3153 311 3224 supra
323 3129 465 3219 dictum,
492 3153 560 3198 non
575 3132 664 3198 solus
677 3153 741 3221 per
761 3152 797 3196 se
815 3129 1017 3195 construitur
1032 3149 1108 3193 cum
1124 3150 1165 3194 ea
1178 3152 1264 3219 par-

151 3235 264 3306 ticula.
302 3234 435 3323 ltaque
460 3258 489 3305 e.
520 3258 548 3303 c.
572 3230 694 3311 συθεὶς
719 3230 853 3302 aionon
874 3231 1000 3321 poterit
1022 3229 1088 3297 dici
1111 3253 1176 3320 pro
1199 3225 1263 3303 ἑοὶν

154 3337 285 3431 συθῇς,
308 3346 366 3403 aut
383 3335 404 3409 ὁ
422 3335 545 3414 συθεὶς
562 3332 626 3419 οἷν,
654 3356 720 3425 pro
737 3332 775 3412 ῦς
797 3331 842 3406 oio
862 3334 979 3428 ουθῇ,
1006 3333 1084 3424 quia
1099 3344 1263 3425 nonpot-

151 3448 203 3506 cst
217 3439 283 3505 dici
298 3441 332 3509 εἰ
350 3437 464 3534 συθῇς
480 3435 544 3516 ἄν,
573 3436 611 3516 ῦς
631 3436 730 3531 συθῇ
745 3434 799 3507 ῦυ.
854 3435 957 3504 Aliud
978 3446 1029 3504 est
1050 3435 1177 3509 ὁτιοῦν
1201 3434 1262 3526 ἄν,

152 3541 247 3632 quod
267 3563 372 3630 quum
388 3540 592 3610 Schaeferus
614 3538 710 3630 apud
725 3539 902 3609 Demosth.
918 3563 954 3630 p.
973 3538 1059 3624 192,
1078 3539 1137 3609 22.
1159 3540 1193 3606 in
1209 3540 1262 3608 his

151 3646 281 3734 verbis,
309 3646 344 3718 εἰ
360 3641 397 3718 δ’
412 3642 501 3741 ὁπέρ
515 3672 555 3737 χε
570 3643 642 3715 τῦν
665 3641 810 3715 δικαίων
825 3643 884 3715 ιιαὶ
898 3648 1079 3733 πολεμεῖν,
1107 3642 1153 3714 oio
1169 3637 1262 3715 τοῦ-

145 3775 220 3822 του
236 3752 296 3846 ῦέῃ
304 3805 317 3838 ,
335 3747 404 3820 οιαὶ
422 3741 574 3836 πάσχειν
589 3743 715 3819 ὁτιοῦν
731 3745 776 3817 ἄν
793 3747 917 3818 οἴεσθε
932 3747 1088 3843 χρῆναι,
1115 3747 1179 3813 nisi
1193 3746 1261 3814 de-

151 3853 275 3939 leatur,
303 3854 350 3920 sic
369 3850 605 3944 explicandum
623 3858 721 3943 putat
737 3846 925 3922 crucicola
940 3845 980 3945 ᾖ,
1006 3859 1120 3940 potest
1132 3848 1168 3916 id
1184 3851 1261 3939 qui-

152 3955 231 4024 dern
255 3957 346 4041 fieri,
373 3957 399 4023 si
419 3955 559 4023 verbum
576 3953 660 4022 illud
679 3975 760 4020 vere
783 3954 942 4021 omissum
959 3953 1176 4020 iudicandum
1199 3962 1260 4037 est,

151 4069 186 4127 at
209 4059 279 4126 veri
299 4068 412 4127 tamen
439 4060 574 4127 similius
596 4080 669 4126 esse
690 4057 849 4144 arbitror,
876 4057 1064 4149 optativum
1087 4057 1200 4150 potius
1226 4059 1262 4124 in

55 4164 58 4171 ’
150 4164 207 4230 illa
222 4163 367 4230 formula
388 4162 547 4254 intelligi,
576 4159 703 4234 ὁτιοῦν
724 4159 769 4231 ἄν
787 4158 897 4255 χρείη.
951 4161 1009 4228 Sic
1032 4184 1068 4251 p.
1086 4158 1175 4232 231.
1191 4161 1258 4228 init.

151 4265 298 4362 πρῦτον
309 4264 378 4358 μὲν
394 4263 494 4356 ῦμεῖς
503 4263 597 4337 οῦτοι
614 4265 805 4350 διέκεισθε,
833 4260 920 4341 ὥςτε
935 4265 1078 4343 Φωυέας
1092 4263 1162 4354 μὲν
1171 4257 1260 4356 βοῦ-

151 4375 283 4443 leobae
306 4369 488 4465 σωθῆναι,
515 4367 642 4464 καίπερ
667 4361 710 4437 οῦ
730 4363 852 4438 δίκαια
873 4367 1070 4448 ποιοῦντας
1095 4364 1259 4464 ὁρῦντες,
