2842 4920
364 352 368 365 ‘
484 354 571 420 LIB.
596 355 620 418 1.
665 355 759 419 CdP.
780 360 813 422 9.
1159 361 1202 427 4ἴ

86 545 257 632 debebat,
290 567 369 613 oum
395 545 606 614 coniunctivo
632 556 859 616 constructum
885 548 942 635 sit,
975 549 1080 617 semel
1106 549 1201 617 oddi-

85 659 161 719 tum
185 649 336 717 habebat
367 648 583 717 indicativum
614 654 821 744 ἐπικρατεῖ,
854 673 956 741 quem
981 664 1074 720 recte
1101 652 1202 721 Gais-

85 753 217 821 fordius
240 775 319 819 enm
344 750 504 821 Schowio
529 754 563 820 in
589 753 837 821 coniunctivum
861 756 1009 827 mutavit.
1060 754 1101 823 ln
1127 755 1200 825 Cli-

86 859 163 925 niae
180 857 387 948 fregmento‚
414 857 506 947 quod
528 879 667 925 numero
690 854 752 930 66.
781 857 888 926 estin
908 858 966 925 illo
993 858 1201 951 eapite'Sto·

85 960 184 1047 boei,
224 983 290 1053 pro
323 955 398 1032 αἴκ’
431 955 632 1052 detentori
665 960 742 1034 cod.
776 961 819 1033 A.
854 961 1011 1054 praebuit
1042 960 1103 1035 καὶ
1136 954 1201 1059 ἆρ’·

85 1067 255 1138 oratori.
305 1062 346 1131 ln
370 1062 544 1152 Archytae
569 1063 780 1155 fragmento,
806 1064 901 1155 qnod
916 1073 967 1134 eet
987 1064 1115 1133 ibidem
1137 1064 1198 1138 76.

85 1191 124 1261 p.
154 1163 216 1250 12,
241 1163 304 1286 48.
330 1174 424 1234 recte
450 1164 678 1235 Gaisfordius·
712 1165 808 1261 φαμὶ
841 1161 910 1240 τοῖν
944 1161 1200 1264 determinet

86 1295 207 1390 πρττο
204 1262 287 1391 μή
312 1271 631 1361 κακοδαιμονεῖν*
617 1263 765 1355 ικανοῖν,
792 1263 864 1343 ταν
890 1269 929 1344 δὲ
954 1269 1082 1345 κακίαν
1107 1295 1200 1343 τιοτ-

85 1365 134 1447 ro*
159 1365 214 1468 μή
237 1368 479 1498 εὐδαιμονεῖν,
506 1397 590 1443 αικα
602 1397 668 1452 τας
683 1377 778 1454 ἕξιας
799 1399 913 1454 αυτας
925 1399 1099 1470 κρινωνες
1127 1374 1199 1441 Le-

87 1475 235 1568 gebatur
252 1475 300 1543 ibi
322 1472 509 1569 κρῖνομες,
536 1474 603 1542 et
594 1497 629 1543 m
652 1475 729 1548 cod.
756 1475 800 1547 A.
828 1473 1019 1571 κρῖνοιμις.
1071 1475 1130 1545 Sic
1146 1486 1200 1545 et-

85 1581 154 1647 iam
189 1578 223 1645 in
255 1575 456 1669 Ecphantae
489 1576 567 1644 loeo
601 1576 695 1669 apud
727 1576 913 1646 stobaeum
945 1577 1101 1653 XLVIII.
1135 1576 1197 1651 64.

85 1705 124 1773 Ρ.
153 1679 246 1768 333,
273 1678 334 1753 34.
362 1678 593 1748 scribendum:
619 1678 679 1751 καὶ
704 1685 781 1760 τοῖς
806 1679 875 1772 μὲν
902 1676 1024 1760 ἄλλοις
1049 1675 1198 1777 dudoni-

86 1811 181 1875 ποις,
195 1786 280 1856 αἴκα
293 1776 565 1906 δμαρτανωντι,
583 1775 769 1855 ὀσιωτατα
766 1776 963 1906 κάθαρσις
976 1781 1199 1880 ἐξομοιωθῇ-

84 1914 156 1980 μεν
171 1913 248 1967 τοις
257 1910 504 1982 αρχοντιοσιν
530 1885 597 1953 Vbi
613 1882 776 1953 editum
751 1910 1018 1982 αμαρτανοντι
1043 1888 1118 1955 Nee
1130 1884 1198 1954 du

84 1990 270 2120 bitandnm
289 1989 393 2078 quin
383 2010 417 2056 m
431 1985 483 2054 his
496 1987 792 2080 Pythagoreorum
807 1988 898 2080 apud
914 1987 1097 2081 Galiump.
1108 1987 1196 2062 712.

85 2094 164 2168 επεὶ
191 2094 301 2166 δέκα
327 2096 524 2187 γαμεῖται,
551 2101 645 2184 etp.
667 2086 755 2165 151.
775 2091 861 2163 αἴκα
882 2083 972 2189 χρή,
998 2092 1197 2161 coniunctiori

85 2192 264 2315 μα’μηται
272 2203 307 2263 et
300 2220 400 2322 χρῃ
386 2192 613 2316 reponendi
640 2194 715 2268 sint.
770 2191 841 2263 Sed
870 2216 907 2286 Ρ.
935 2193 1023 2269 too
1048 2195 1108 2264 nbi
1134 2205 1197 2282 est,

85 2301 171 2373 αἴκα
191 2290 331 2372 ταύτόν
358 2301 436 2371 εστι
462 2291 633 2390 τοῖγαδον
658 2296 719 2370 καὶ
743 2290 874 2386 κακόν,
901 2298 1116 2367 scribendum
1142 2301 1199 2373 αἴ-

85 2428 175 2498 περ,
201 2400 296 2491 quod
321 2400 454 2493 saepius
479 2399 642 2471 ibidem
632 2423 666 2469 ur
690 2399 809 2470 iisdem
834 2400 965 2490 verbis,
991 2411 1086 2496 etp.
1108 2400 1197 2476 ’168

86 2504 173 2579 116.
200 2512 407 2597 usurpatum.

188 2609 344 2698 Denique
370 2629 413 2674 ne
435 2605 665 2676 desiderentur
681 2603 861 2675 'indicativi
884 2605 1029 2698 perfecti
1055 2624 1134 2676 oum
1149 2602 1197 2680 ἄν

87 2711 255 2780 coniuncti
281 2711 456 2803 exempla,
489 2710 576 2781 haee
601 2711 771 2780 idiiciam:
804 2708 947 2779 Hesiodi
970 2710 1065 2803 apud
1095 2708 1194 2786 Stob.

86 2816 197 2888 Serm.
224 2812 347 2890 11.14‚

138 2966 280 3064 ἔμμορέ
300 2993 362 3041 τοι
387 2965 517 3064 τιμῆς,
544 2963 583 3047 ὅς
607 2962 643 3038 κ’
669 2966 810 3063 ἔμμορε
834 2962 995 3059 γείτονος
1020 2964 1167 3042 todioni.

86 3121 194 3191 Sed
183 3144 220 3189 m
243 3088 386 3190 Hesiodi
407 3116 560 3192 librisO.
582 3125 617 3186 et
634 3118 679 3189 D.
702 3113 789 3189 345.
819 3115 957 3185 recte*
934 3113 1037 3198 οςτ’
1054 3118 1195 3212 ἔμμορε

86 3226 259 3318 scriptum.
310 3224 358 3292 Et
381 3222 534 3313 Dionysii
563 3220 684 3294 Hel.
675 3243 711 3288 ιιι
743 3220 887 3313 epistola
917 3219 963 3289 nd
992 3219 1195 3312 Pompeium

85 3327 130 3396 de
145 3327 347 3454 praedonis
371 3327 546 3396 Historicis
570 3349 606 3418 Ρ
624 3322 711 3411 786,
737 3323 798 3398 14.
825 3320 920 3398 εἶδ’
945 3314 1173 3420 δπερεῖδεν’
1155 3350 1195 3398 ιν

85 3423 243 3516 τούτοις,
269 3427 330 3525 ἐφ’
349 3428 402 3511 οῖς
422 3422 618 3523 μάλισθ’
593 3455 639 3502 αν
658 3421 867 3554 ἐσωοδδακε,
892 3425 957 3523 τῆς
974 3454 1016 3501 τι
1030 3431 1194 3547 οομτιλρ-

84 3533 146 3629 κῆς
171 3533 246 3608 τοῖν
279 3534 491 3654 φωνηέντων
516 3524 744 3628 γραμμάτιον
768 3528 917 3628 καὶτῆς
942 3530 1102 3625 κυκλικῆς
1128 3526 1194 3603 ιδ-

86 3633 262 3758 ραδμῖαςυ
272 3633 346 3709 τοῖν
371 3626 573 3762 περιόδων,
604 3632 666 3707 καῖ
692 3632 758 3760 τῆς
780 3631 984 3763 ὁμρειδεῖας
1007 3632 1082 3708 ταῖν
1108 3658 1195 3754 οχη·

84 3737 301 3860 ματισμοῖν,
339 3742 433 3812 noio
461 3734 619 3829 αμιῖνων
653 3733 699 3810 εἴν
732 3731 778 3833 ἦν
803 3728 916 3856 advoc
939 3731 1074 3810 ἑαυτου
1098 3727 1195 3807 κατεῖ

84 3866 154 3930 την
180 3828 327 3936 φράσιν
379 3840 465 3927 Quis
489 3862 572 3909 vero
598 3838 747 3927 dubitet,
775 3839 869 3960 ‘quin
894 3835 1121 3932 expungendo
1152 3837 1195 3906 sit

83 3942 270 4035 particule,
317 3965 386 4039 quo
417 3943 499 4016 nihil
529 3966 615 4039 opus
643 3966 738 4033 esse,
775 3943 842 4012 iam
870 3966 892 4011 e
919 3942 1095 4038 Stephano
1120 3949 1195 4012 erat

84 4043 277 4118 monitum?
