2842 4920
397 338 691 447 mensurarum
713 385 827 448 siene
848 385 1001 448 snrnvs.
1196 392 1261 456 sar

149 584 328 663 monstret,
360 585 544 666 caveatque
566 601 610 646 ne
626 574 777 645 facinora
794 576 916 648 afferat
935 578 1031 664 talia,
1057 580 1158 667 quale
1171 579 1257 647 illud

150 691 221 764 est,
251 678 347 770 quod
375 682 410 749 in
434 681 546 751 indice
566 677 739 748 Plutarchi
761 703 793 751 v.
818 678 886 753 acis
915 681 1120 767 enucleavit,
1157 683 1256 775 cogi-

150 787 287 874 tetque,
308 783 433 853 risuros
453 806 527 852 esse
550 784 634 872 (risu
660 791 771 851 autern
797 783 920 872 ecquid
938 784 1151 876 inoptabilius
1171 809 1255 878 gra-

150 911 230 957 vem
257 909 294 954 se
320 896 355 955 et
382 910 536 957 severum
564 886 765 956 monitorem
791 909 930 978 surgere
958 888 1162 980 professoi)
1195 890 1254 979 qui

151 991 306 1076 rideant,
336 991 416 1079 quia
434 1013 502 1083 ego
517 989 704 1081 aliquando
731 990 919 1082 scripserim
941 1013 1017 1082 qua
1039 991 1184 1083 quidem
1207 992 1255 1062 de
1371 1020 1374 1024 ’

153 1117 197 1164 re
212 1116 284 1183 non
299 1095 533 1199 praeripiam
554 1116 648 1186 quae
669 1092 893 1186 Erfurdtins
913 1116 1015 1163 meas
1035 1093 1255 1183 admonebit,

154 1199 214 1287 (ea
235 1220 290 1289 res
311 1207 423 1266 autem
446 1198 648 1265 constructio
672 1206 724 1264 est
749 1197 931 1290 particulae
953 1199 1054 1266 trium
1072 1199 1256 1267 litterarum

153 1297 243 1391 κᾶν)
269 1311 454 1393 propterea
467 1303 578 1394 ipsum
589 1301 748 1369 vicesimo
769 1322 856 1369 anno
875 1310 953 1392 post
976 1300 1021 1369 ad
1036 1302 1256 1371 Plutarchum

154 1405 221 1471 vol.
245 1403 287 1473 V.
317 1429 353 1496 p.
377 1403 461 1472 241.
494 1406 529 1472 in
555 1403 643 1472 haec
670 1405 774 1472 verba
801 1426 996 1495 erumperes
1041 1405 1078 1473 V.
1107 1428 1191 1474 mea
1218 1407 1256 1474 in

157 1506 325 1599 Append.
343 1510 397 1577 ad
419 1507 541 1577 Bostii
557 1506 712 1600 Epistol.
739 1507 863 1578 Critic.
871 1530 911 1599 p.
930 1504 989 1574 26.
1008 1529 1036 1575 s.
1060 1509 1146 1576 etin
1163 1508 1255 1602 Epi·
1362 1514 1365 1520 “

155 1619 274 1679 metro
301 1610 356 1679 ΙΙ.
400 1612 454 1679 ad
486 1611 727 1704 Aristophan.
758 1611 859 1679 Plat.
886 1632 927 1703 p.
964 1609 1076 1678 XXX
1087 1611 1194 1680 VIII.
1225 1634 1253 1681 s.

158 1713 224 1782 Ad
244 1736 338 1806 qaae
357 1715 552 1808 carpenda
577 1737 660 1783 eum
674 1714 807 1807 plures
831 1713 918 1783 olim
938 1714 1110 1783 certatim
1125 1737 1256 1784 convo-

156 1818 298 1887 lassent
323 1817 413 1888 inssi
437 1843 462 1886 a
481 1818 686 1910 magistro,
711 1817 865 1909 nequid
886 1838 958 1910 ego
972 1817 1073 1911 print
1087 1805 1262 1912 proprii-⁹

157 1943 226 2013 que
251 1920 421 1990 domuisse
443 1921 608 2006 viderer,
628 1920 828 2013 postmodo
850 1943 922 1988 non
943 1921 1020 1990 sine
1034 1920 1115 1990 risu
1131 1922 1258 2015 magi·
1367 1966 1371 1973 -

157 2033 277 2094 stram
291 2024 474 2110 intellexi,
502 2023 568 2093 ant
584 2046 754 2093 securum
771 2032 837 2093 aut
855 2021 1005 2092 oblitam
1016 2024 1122 2094 istius
1137 2025 1257 2094 alam-

156 2149 287 2196 noram
304 2127 393 2196 milri
413 2127 666 2198 insultantium
683 2126 915 2213 certationis,
939 2127 996 2197 illi
1011 2150 1117 2205 meae
1130 2130 1258 2222 dispu-

158 2230 290 2302 talioni
312 2240 454 2301 tantam
477 2230 649 2314 habuisse
668 2230 836 2318 honoris,
869 2240 911 2301 nt
936 2232 1013 2301 eius
1035 2233 1261 2304 anctoritate

157 2343 324 2404 uteretur
336 2335 375 2403 in
399 2333 608 2428 ligerionis
621 2358 661 2428 p.
679 2334 766 2406 822.
781 2332 893 2427 jaiso
908 2336 1035 2404 meets
1049 2337 1260 2407 recentissi-

156 2460 236 2506 mos
250 2461 340 2531 quos
362 2437 518 2507 debebat
535 2438 660 2507 dicere
680 2437 883 2529 scriptores
903 2437 1085 2508 citerioris
1103 2438 1260 2508 Graeci-

159 2542 260 2612 tatis.
289 2540 372 2611 Nisi
369 2540 715 2636 sortePlntarclms
725 2539 970 2630 aequalesque
979 2541 1146 2632 adeoque
1158 2551 1259 2612 vetu-

159 2646 293 2716 stiores
306 2646 345 2714 in
358 2644 616 2716 recentissimis
634 2641 855 2712 numerandi
869 2649 963 2720 sunt,
1014 2644 1068 2713 Ac
1082 2666 1203 2714 vereor
1216 2667 1260 2712 ne

159 2749 267 2842 magis
295 2751 395 2818 etiam
417 2749 565 2830 rideant,
597 2749 624 2816 si
644 2746 850 2840 inspexerint
869 2745 974 2815 libros
993 2746 1029 2813 in
1049 2745 1160 2816 indice
1177 2749 1261 2827 Plu·

158 2852 268 2936 tarchi
289 2853 425 2943 citatos,
457 2852 668 2941 viderintque
691 2874 778 2941 quae
799 2850 842 2917 sit
857 2850 914 2917 illa
935 2849 1161 2919 insultantium
1185 2875 1260 2920 cer·

159 2958 261 3024 tatio:
289 2958 381 3024 cuius
403 2979 459 3024 me
479 2955 616 3046 quidem
639 2964 731 3022 recte
756 2952 897 3021 oblitum
922 2953 1019 3040 dicit,
1044 2955 1175 3046 quippe
1192 2965 1262 3024 tam
1313 2964 1315 2971 “

159 3060 319 3152 pusillae,
341 3067 381 3128 ut
404 3059 556 3128 oblivisci
576 3058 705 3125 facilius
735 3077 838 3147 quam
865 3056 1054 3125 meminisse
1082 3059 1260 3150 potuerim.

160 3162 265 3232 Tales
289 3163 392 3256 igitur
420 3161 724 3254 argumentationes
751 3159 853 3227 velim
876 3168 913 3227 ut
935 3181 995 3227 sua
1016 3160 1120 3252 ipsius
1143 3184 1262 3234 caussa

160 3289 231 3334 non
243 3267 351 3334 minus
362 3265 516 3352 devitet,
543 3288 645 3355 qnam
664 3263 996 3331 commemorationes
1013 3285 1147 3353 eornm,
1165 3286 1262 3355 ‘qnae

161 3377 345 3459 numquam
359 3370 556 3455 factasunt,
578 3368 653 3461 ipse
666 3377 795 3453 autem,
822 3366 902 3456 quia
918 3365 1004 3434 odio
1016 3367 1165 3461 flagrans
1188 3369 1262 3438 fieri

161 3473 311 3565 potuisse
341 3473 530 3565 cogitabat,
573 3471 716 3539 credidit
739 3470 830 3537 facta
851 3493 933 3538 esse.
995 3468 1099 3542 Cuius
1129 3471 1262 3565 generis

162 3592 250 3657 nunc
263 3576 402 3666 quidem
416 3576 485 3645 duo
499 3575 662 3643 mirabilia
679 3574 834 3664 exempla
849 3595 1015 3664 promam.

265 3680 305 3746 ln
325 3681 519 3771 Apparatus
546 3679 591 3747 ad
608 3675 874 3746 Demosthenem
896 3677 964 3748 vol.
986 3676 1013 3743 Ι.
1043 3698 1080 3765 p.
1104 3670 1189 3742 264.
1206 3671 1264 3740 'de
1289 3705 1292 3714 ·

162 3781 317 3874 Reisigio
334 3783 381 3851 sic
397 3783 546 3875 scripsit:
580 3781 667 3874 Ipse
690 3780 889 3863 liastmona,
916 3779 978 3871 qai
997 3777 1085 3846 milri
1108 3776 1264 3868 aliisque

163 3884 431 3956 immerentibus
463 3885 558 3956 satis
589 3883 757 3963 νεανικοῖς
789 3881 980 3951 insultavit
1011 3880 1065 3951 acl
1099 3878 1262 3973 Xenoph.

167 3985 300 4058 Oecon.
324 4013 364 4082 p.
385 3984 446 4057 45.
482 4009 594 4074 nanc,
631 3987 775 4080 opinor,
808 4006 881 4054 non
910 3982 1149 4080 diffitebitur,
1182 4006 1265 4054 cam

164 4089 235 4161 illo
248 4091 465 4181 scriberem,
490 4090 636 4160 ratione
651 4113 708 4159 me
724 4097 760 4158 et
774 4087 924 4158 consilio
940 4110 1140 4158 nsamesse.
1179 4087 1264 4157 Viro

164 4195 399 4284 doctissimo,
428 4218 532 4288 quem
548 4193 719 4262 insecutis
743 4190 963 4286 temporibus
987 4190 1264 4281 existimationis
1392 4241 1397 4250 .

164 4320 269 4369 meae
291 4298 598 4382 studiosissimum
620 4304 792 4392 expertas
815 4319 913 4382 sum,
947 4295 1144 4387 rearisoaa
1172 4293 1268 4364 illud

163 4401 236 4472 troc
258 4402 437 4475 tridentius
461 4403 644 4489 condono,
679 4423 749 4494 qao
773 4400 910 4471 certius
929 4398 1025 4488 scio,
1059 4399 1135 4469 tela
1154 4396 1191 4467 in
1211 4419 1270 4467 me
