2842 4920
154 382 199 448 aa
497 376 558 438 ou
586 338 860 439 irenem
881 373 929 442 nv
1040 436 1044 443 .

158 572 265 664 Greg.
282 569 360 643 Cor.
374 593 411 662 p.
427 565 488 639 86.
514 569 709 638 Nominavit
720 577 832 637 tamen
845 563 984 638 eosdem
996 513 1107 641 Astins
1124 573 1169 642 ad
1184 574 1268 644 Pla-

156 687 272 745 tonem
289 675 334 743 de
350 676 462 766 Legg.
485 697 523 766 p.
545 669 631 741 358.
682 674 775 743 Addi
796 683 938 766 possunt
954 673 1079 744 Coraes
1098 678 1143 745 ad
1164 679 1268 749 lsocr.

32 771 35 781 ’
157 803 194 872 p.
209 773 293 846 155.
309 788 343 846 et
362 776 555 846 Lobeclrius
570 777 616 845 ad
630 778 760 868 Phryn.
774 799 810 868 p.
824 774 911 844 333.
931 801 1001 867 seq.
1055 779 1126 848 Sed
1142 783 1268 853 rectius

159 882 508 967 commemorabuntur
517 879 792 964 Heindorliusad
806 881 954 949 Platonis
963 881 1139 952 Phaedon.
1154 908 1191 976 p.
1203 884 1267 955 22.

157 995 192 1054 et
206 986 381 1053 Werferus
395 985 428 1051 in
443 985 537 1054 Actis
551 982 688 1052 Monac.
706 982 730 1053 1.
745 1006 780 1075 p.
803 981 886 1051 1113.
902 981 988 1054 248.
1005 981 1092 1060 252.
1134 988 1268 1073 Quibus

156 1090 215 1179 qui
228 1111 338 1179 nuper
354 1089 495 1155 accessit
510 1086 679 1179 Reisigius
696 1088 730 1154 in
745 1087 1026 1156 commentatione
1042 1089 1086 1157 de
1100 1093 1269 1182 particula

157 1192 204 1265 ἄν
223 1216 258 1283 p.
278 1190 339 1261 93.
365 1214 434 1280 seq.
453 1212 558 1281 quum
578 1189 611 1258 in
634 1192 780 1259 animum
797 1189 996 1273 induxisset,
1021 1194 1187 1283 particula
1208 1195 1268 1263 illa

155 1295 331 1364 veritatem
344 1295 392 1362 rei
408 1292 523 1363 extolli
538 1294 660 1386 potius,
688 1315 789 1384 qnam
802 1292 955 1384 deprimi,
977 1295 1051 1362 fieri
1062 1318 1130 1364 non
1145 1299 1267 1389 potnit,

156 1399 236 1488 quin
252 1399 436 1489 proferret,
453 1419 540 1487 quae
552 1420 673 1467 vereor
688 1407 725 1464 nt
739 1397 851 1465 multis
865 1398 1077 1488 persuadeat.
1101 1399 1266 1471 lndicabo
1298 1424 1302 1447 ¹

155 1502 304 1593 primum
327 1501 456 1592 aliquot
479 1503 573 1569 locos
591 1501 779 1569 adiectione
793 1501 980 1591 particulae
996 1503 1051 1569 vel
1066 1503 1109 1570 ab
1123 1504 1265 1574 librariis

30 1620 38 1637 ⁸
154 1605 239 1674 vela
253 1604 374 1673 criticis
390 1604 604 1696 depravatos.
620 1605 720 1673 Arist.
734 1602 822 1672 Ach.
839 1602 924 1672 392.
945 1606 1007 1674 Ar.
1018 1603 1106 1675 832.
1122 1608 1264 1698 Lysistr.

153 1704 241 1778 542.
249 1708 370 1800 dequo
378 1708 454 1777 loco
463 1708 541 1776 vide
549 1708 737 1800 Reisiginm
744 1731 780 1798 p.
792 1706 877 1780 lul,
890 1707 962 1776 etin
972 1707 1122 1778 Coniect.
1130 1732 1166 1803 p.
1176 1709 1263 1784 1⁶67.

154 1810 241 1881 188.
264 1834 303 1880 ac
325 1834 386 1879 nos
408 1811 452 1878 ad
472 1810 560 1878 Oed.
585 1808 786 1880 (1011454,
812 1810 941 1881 Platon.
958 1810 1103 1882 Phaedr.
1125 1838 1161 1907 p.
1177 1813 1263 1883 231.

152 1915 198 1984 1).
213 1913 413 2004 Antiphont.
428 1936 464 2005 p.
479 1911 541 1979 34.
569 1910 673 2001 (67⁴.
692 1911 825 2002 Reisk.)
858 1912 964 2005 Apud
977 1913 1162 1985 lsocratem
1176 1941 1265 2006 quae

154 2018 311 2108 exempla
326 2024 471 2103 exstant,
499 2038 603 2105 quum
620 2016 654 2082 in
676 2015 751 2082 cod.
767 2015 885 2084 Vrbin.
900 2017 1013 2083 omnia
1036 2021 1167 2088 sublata
1190 2022 1264 2109 sint,

155 2119 300 2190 dubitari
311 2128 425 2210 potest
443 2127 486 2185 dn
503 2118 538 2186 id
551 2119 776 2210 grammaticis
789 2125 967 2209 acceptum
976 2120 1134 2209 feramuS,
1159 2147 1265 2214 prae-

154 2225 268 2293 sertim
283 2245 387 2313 quum
402 2221 511 2290 codex
527 2222 584 2289 ille
593 2222 682 2314 ipsas
691 2220 848 2289 exhibeat
861 2222 1120 2313 subscriptiones
1136 2248 1264 2315 eorum,

152 2328 211 2418 qni
232 2327 398 2395 orationes
419 2326 498 2393 istas
519 2326 791 2417 recognoverint:
819 2324 1062 2393 videBeldreri
1085 2326 1265 2397 editionem

151 2454 189 2523 p.
208 2429 268 2500 15.
289 2429 348 2500 31.
366 2426 452 2501 2Π.
468 2426 555 2497 291.
572 2428 656 2497 312.
675 2427 762 2500 4111.
797 2427 869 2497 Sed
885 2437 1068 2517 utcumque
1083 2431 1130 2497 illi
1145 2454 1264 2523 gram-

151 2535 265 2605 rnatici
272 2556 337 2626 pro
353 2555 413 2601 suo
429 2533 765 2602 arbitriorefinxerint
777 2532 969 2614 Isocratem,
996 2541 1108 2602 tamen
1122 2535 1263 2623 quibus·

16 2647 19 2651 ’
152 2638 232 2706 dam
248 2639 369 2706 saltem
388 2639 424 2704 in
440 2637 523 2703 locis
541 2637 703 2704 librorum
722 2635 792 2703 fide
808 2635 974 2726 expulisse
994 2636 1091 2704 istam
1109 2645 1265 2706 constru-

29 2806 43 2821 ,
152 2743 298 2808 ctionem
319 2740 494 2825 videntur,
521 2748 559 2806 ut
577 2740 611 2807 in
629 2741 757 2830 Areop‘.
781 2733 841 2810 35.
860 2733 895 2831 §.
911 2737 972 2806 89.
986 2762 1022 2829 p.
1038 2738 1124 2807 211.
1151 2739 1262 2830 (244.

150 2844 279 2935 Lang.)
306 2852 341 2910 et
359 2843 394 2910 in
406 2842 555 2933 Trapez.
573 2841 633 2909 21.
650 2838 685 2937 §.
699 2840 759 2911 51.
774 2865 808 2934 p.
823 2836 909 2908 528.
936 2839 1047 2934 (639)
1063 2843 1122 2911 ubi
1137 2843 1170 2911 in
1184 2867 1264 2912 ver·

37 2965 40 2971 ’
152 2948 203 3016 bis
221 2938 406 3041 γνώσεσθε
422 2943 468 3016 civ
490 2943 566 3015 cod.
581 2946 663 3014 Vrb.
682 2946 803 3013 omittit
817 2945 1036 3036 particulam,
1063 2968 1150 3035 qnae
1171 2947 1263 3017 nnde

152 3060 226 3120 orta
241 3050 343 3118 fucrit
361 3049 387 3116 si
411 3049 563 3137 quaeris,
589 3050 862 3117 verisimillimum
879 3055 947 3137 est,
975 3071 1079 3139 quum
1101 3058 1263 3119 consueto

152 3177 266 3223 errore
281 3161 452 3246 exaratum
465 3160 553 3220 esset
566 3151 786 3243 γνώσεσθαι,
812 3174 915 3243 supra
927 3158 1038 3220 autem
1054 3151 1263 3244 adscriptum

151 3285 183 3344 e,
209 3257 289 3325 inde
309 3257 489 3323 conflatum
512 3277 583 3331 esse
599 3248 804 3344 γνώσεσθαι
822 3252 877 3325 ἄν.
918 3253 1064 3323 Omnino
1082 3264 1193 3323 autem
1206 3257 1262 3325 vix

59 3423 62 3429 .
152 3361 238 3428 ullus
253 3367 302 3427 est
317 3358 476 3447 scriptor,
495 3356 530 3422 in
547 3378 615 3446 quo
629 3378 697 3423 non
719 3355 899 3444 aliqnando
915 3354 961 3428 ἄν
978 3358 1192 3428 librariorum
1204 3382 1261 3427 er-

52 3462 56 3470 ’
127 3550 129 3557 .
150 3485 229 3530 rore
244 3462 300 3529 vel
312 3460 441 3546 inscitia
454 3481 531 3526 cum
545 3458 659 3526 hrturo
675 3467 901 3526 constructum
915 3461 1113 3552 reperiatur.

255 3562 467 3650 Quibusdam
481 3584 564 3630 vero
579 3562 613 3629 in
625 3562 707 3629 locis
723 3584 792 3629 non
809 3571 938 3629 tantum
950 3564 1124 3633 tribuerim
1135 3573 1261 3634 ancto-

150 3668 237 3736 ritati
251 3667 557 3760 grammaticorum,
584 3673 621 3732 nt
635 3666 672 3733 iis
689 3665 794 3733 sicubi
808 3663 854 3738 cin
866 3688 944 3734 cum
958 3668 1070 3735 futuro
1086 3669 1262 3737 consocia·

151 3779 224 3839 tum
250 3769 432 3839 correxisse
448 3769 643 3856 videantur,
678 3769 835 3836 continuo
856 3771 1103 3839 assentiendum
1130 3780 1260 3863 pntcm.

150 3874 213 3951 Est
232 3883 344 3942 autem
358 3872 485 3964 duplex
499 3872 603 3956 ratio,
630 3894 697 3961 qua
715 3869 760 3944 eir
775 3895 853 3939 cum
871 3873 985 3941 futuro
1001 3874 1160 3966 coniungi
1177 3897 1261 3967 pos-

151 3976 214 4064 sit,
239 4000 327 4066 una‚
353 3999 458 4066 quum
472 3995 553 4044 vere
569 3976 770 4043 construitur
785 3997 863 4043 cum
877 3976 934 4044 illa
947 3978 1042 4045 verbi
1055 3978 1183 4060 forma3
1209 3978 1262 4045 al-

151 4088 242 4164 tera,
264 4102 369 4170 quum
382 4080 594 4148 consociatur
607 4078 744 4168 quidem
764 4079 930 4170 particula
945 4080 1079 4169 futuro,
1105 4081 1167 4150 sed
1189 4102 1261 4148 non

150 4192 188 4251 ut
203 4191 390 4251 constructa
412 4204 543 4250 comeo
559 4183 726 4251 censenda
738 4184 789 4252 sit.

251 4287 391 4355 Dicatur
403 4288 514 4377 primo
531 4285 576 4353 de
598 4309 657 4375 ea,
681 4310 768 4376 qnae
786 4309 865 4355 vere
883 4286 1084 4356 constructio
1098 4283 1261 4355 habenda

150 4395 211 4470 est
262 4391 317 4461 Ac
337 4389 420 4460 nihil
441 4390 586 4480 obstare,
611 4391 694 4481 quin
708 4391 872 4485 particula
888 4388 934 4465 ἄν
949 4392 984 4459 in
1000 4391 1190 4460 narratione
1210 4390 1260 4459 rei
