2842 4920
533 351 618 415 LIB.
642 350 681 414 Il.
726 351 819 414 CAP.
843 355 893 417 lu
1204 363 1268 427 115

157 512 358 711 prgairpimicis
384 540 550 631 capienda
576 563 613 632 p.
638 537 698 610 89.
726 540 768 608 Β.
792 540 985 631 legendum.
1038 542 1077 612 1ιι
1102 541 1191 620 Oed.
1212 493 1261 622 ⁹R.

775 793 856 871 τῶν,
875 795 913 867 δὲ
938 795 1111 888 πημονιῖν

257 891 418 989 μάλιστα
445 892 616 985 lvuodo’,
643 901 688 967 αΐ
709 891 850 992 φανῶσ’
876 892 1112 994 αὐθαίρετοι,

157 1091 198 1136 ex
220 1067 350 1134 duobus
373 1065 472 1132 codd
493 1063 598 1134 edidit
615 1065 822 1150 Erfurdtius,
848 1066 968 1155 quibus
985 1091 1093 1160 nuper
1110 1093 1257 1141 accesse-

155 1180 232 1238 runt
240 1171 294 1236 alii
303 1169 387 1237 libri.
411 1168 524 1260 Vulgo
539 1168 633 1256 αὶ““ν,
641 1168 772 1236 insolita
779 1167 915 1258 quidem
924 1170 1019 1255 crasi,
1034 1171 1258 1262 sedquaeve-

155 1275 212 1340 lim
230 1272 442 1340 defensorem
452 1270 605 1339 inveniat.
657 1271 800 1340 Admisit
808 1294 884 1339 eam
898 1271 943 1343 dn
951 1273 1097 1341 scribens
1112 1275 1155 1344 G.
1172 1278 1258 1346 Diu-
1270 1263 1286 1283 ⁸

156 1376 242 1442 dorf.
294 1376 403 1442 Recte
415 1375 562 1465 positum
577 1381 626 1458 αἴ,
646 1374 674 1442 si
687 1374 799 1442 dicere
820 1375 950 1462 voluit„
963 1398 1008 1443 ea
1025 1378 1137 1464 mula,
1165 1402 1258 1470 quae

155 1479 254 1547 ultro
276 1486 471 1545 contracta
482 1475 648 1570 suerint,
672 1486 708 1544 ut
725 1477 817 1568 apud
834 1478 1032 1568 Euripidem
1050 1479 1147 1552 Med.
1168 1479 1255 1550 516.
1282 1516 1284 1520 v

257 1642 286 1718 oi
311 1645 402 1730 Ζεῦ,
427 1644 467 1717 τί
492 1640 537 1741 δή
558 1643 695 1740 χρυσοῦ
720 1645 788 1737 μὲν
814 1644 853 1724 ὂς
878 1639 1092 1742 κιβδηλος
1068 1678 1111 1745 η

256 1743 426 1843 τεκμήρι
452 1741 703 1853 ιξνθριόιιοισιν
730 1774 874 1827 onasus
900 1748 1008 1845 σαφῆ.

156 1917 225 1988 Sed
248 1941 316 1985 non
336 1918 450 2008 inepte
470 1925 582 1985 tamen
604 1914 829 1984 addidisset*
804 1942 866 1991 αν,
895 1917 989 2006 quod
1011 1928 1116 2003 esset,
1147 1920 1254 2011 quid-

157 2022 242 2113 quid
256 2021 348 2088 mali
360 2022 458 2089 ultro
475 2020 554 2111 quic
571 2019 639 2089 sibi
654 2019 892 2088 contraxerit.
932 2020 1105 2111 Plerisque
1120 2022 1154 2089 in
1171 2024 1254 2092 locis

155 2125 378 2216 tragicorum,
405 2124 464 2190 ubi
483 2125 641 2192 omissum
664 2133 714 2192 est
729 2121 775 2194 civ
784 2177 798 2210 ,
821 2123 920 2190 facilc
941 2145 983 2190 ex
1005 2123 1073 2209 his,
1098 2148 1184 2214 quae
1201 2128 1254 2195 di-

155 2229 278 2315 ximus,
306 2249 421 2294 caussa
436 2227 619 2294 omissionis
643 2226 801 2318 cognosci
819 2224 962 2316 poterit,
989 2226 1049 2293 etsi
1070 2251 1189 2319 saepe,
1216 2255 1254 2298 re
1283 2224 1286 2232 ’
1313 2277 1316 2285 ·

154 2330 267 2421 paullo
293 2330 386 2397 aliter
408 2330 573 2421 cogitata,
600 2331 699 2396 etiam
722 2329 816 2395 locus
839 2337 889 2396 est
918 2329 1110 2419 particulae.
1165 2332 1252 2400 Vide

154 2432 260 2524 Soph.
280 2430 368 2500 Oed.
395 2431 434 2500 C.
461 2427 546 2501 695.
573 2432 689 2523 Eurip.
712 2431 853 2521 Hippoi.
878 2426 1096 2497 5211274.
1124 2441 1253 2502 etcum

154 2532 245 2616 ὅςτις
261 2534 371 2626 Soph.
387 2535 511 2602 Trach.
529 2533 639 2604 1668.
664 2534 780 2622 Eurip.
800 2533 906 2621 Hipp.
923 2530 1008 2599 427.
1025 2532 1098 2599 Alc.
1115 2534 1175 2606 Π.
1193 2537 1253 2604 ubi

152 2659 181 2705 v
196 2637 317 2706 Monk
334 2636 420 2705 981.
446 2637 608 2704 Androm.
624 2635 711 2707 179.
727 2634 785 2702 ubi
800 2633 910 2701 editur
925 2635 1047 2720 θέλει,
1075 2635 1168 2724 quod
1187 2637 1252 2705 ha

153 2741 210 2807 bet
228 2742 327 2807 etiam
348 2740 487 2809 Stobaei
505 2740 614 2807 codex
628 2740 669 2806 A.
687 2739 793 2806 Serm.
808 2736 964 2808 LXXIV.
982 2735 1041 2803 19
1057 2761 1133 2805 nam
1148 2742 1252 2832 vulgo

154 2841 244 2934 apud
261 2843 445 2941 Stobaenm
461 2844 560 2938 θέλῃ.
583 2842 659 2932 lph.
676 2841 779 2911 Taur
807 2837 1114 2912 10611οι1856
1134 2841 1252 2910 Belle-

152 2945 250 3035 roph
268 2944 391 3013 6.16.
445 2945 540 3012 Sed
532 2968 567 3010 m
582 2944 711 3032 Dictyis
729 2944 770 3008 fr.
791 2939 849 3007 16.
871 2941 1106 3032 reponendum
1120 2945 1251 3012 videtur

153 3043 203 3142 ἦν.
248 3047 463 3138 Aeschylus
454 3071 488 3113 m
504 3052 635 3126 Τοξοτ

254 3218 333 3296 usar
359 3208 524 3308 γυναικός
550 3211 595 3287 οὔ
620 3241 666 3304 με
692 3239 767 3337 pp
736 3203 867 3304 λάθῃ
895 3209 1032 3302 φλέγων

254 3312 460 3412 ὀφθαλμός,
487 3314 566 3413 ἥτις
590 3307 767 3410 oivdpdc
744 3343 765 3409 ῃ
792 3312 990 3407 γεγευμένη.

150 3489 238 3554 Nam
251 3510 361 3577 neque
384 3487 609 3580 quoesorte
635 3507 746 3573 neque
771 3502 1017 3574 quaecumque
1034 3480 1146 3547 dicere
1168 3483 1249 3552 vult.

149 3591 280 3657 Eadem
297 3591 383 3660 ratio
404 3601 453 3660 est
476 3591 575 3659 liuius
594 3589 675 3656 dicti
689 3586 781 3678 apud
799 3585 969 3656 Plutarch.
989 3584 1032 3652 de
1054 3581 1132 3654 and.
1158 3593 1249 3674 poet.
1346 3679 1348 3683 .

149 3692 326 3783 [ι..6.6Ε

251 3838 334 3917 τόδ’
361 3844 437 3916 ἐστὶ
463 3873 506 3917 το
499 3836 687 3969 §pinedo
713 3834 932 3934 ἀνθρώποις,
966 3835 1039 3930 ὅτῳ
1156 3872 1160 3880 ·

252 3940 359 4029 τόξον
384 3945 559 4047 μερίμνης
586 3949 633 4027 εἰς
659 3936 684 4018 ὃ
709 3937 882 4038 βούλεται
909 3943 1014 4034 adon·

148 4114 340 4236 Sophocles
363 4116 448 4208 Tyr
470 4117 510 4185 6.
529 4112 588 4184 15.
612 4139 667 4207 ap
689 4115 817 4181 Aelian.
841 4108 884 4176 de
904 4110 948 4174 N.
970 4107 1080 4178 Auim.
1106 4107 1166 4179 XI
1189 4105 1248 4174 18.

148 4219 241 4287 cuins
256 4219 454 4312 fragmenti,
481 4220 572 4309 quod
591 4220 704 4311 plnres
724 4218 784 4283 vin
774 4213 888 4282 docti
900 4220 1084 4295 tentarunt,
1110 4209 1202 4277 novis
1204 4209 1246 4274 si·

147 4344 201 4390 me
223 4331 336 4390 autem
352 4322 408 4391 Fr.
423 4325 610 4406 lacobsius,
636 4321 739 4414 patris
756 4316 961 4410 cognominis
983 4315 1087 4399 filius,
1113 4311 1157 4378 ad
1178 4312 1250 4377 Xe-

960 4429 1047 4498 112
