2842 4920
180 1355 417 1444 SEPTEM
468 1353 711 1444 APERTA
768 1353 1009 1446 OPERTA
1061 1361 1225 1449 APVD

517 1540 898 1632 AESCHYLVM.

593 1809 797 1821 .——-·--....,.

148 2004 235 2108 Diu
252 2047 321 2124 est,
340 2061 446 2129 quum
465 2040 612 2132 primum
631 2039 770 2132 promisi
784 2063 841 2109 me
859 2039 1067 2132 Aeschylum
1088 2064 1162 2112 esse
1177 2042 1256 2112 edi-

149 2154 269 2212 turum.
330 2143 437 2228 Quod
465 2166 591 2212 nomen
622 2152 661 2210 ut
685 2144 836 2212 nondum
864 2144 1083 2232 exsolverim,
1120 2170 1258 2216 caussae

149 2246 288 2314 luerunt
306 2269 411 2336 quum
425 2247 559 2316 labores
573 2246 645 2332 alii,
672 2265 756 2337 quos
771 2247 877 2316 modo
892 2248 982 2317 ultro
1000 2250 1135 2342 suscepi
1153 2250 1257 2320 modo

148 2349 277 2442 imponi
298 2349 382 2418 mihi
401 2371 520 2442 passus
543 2373 636 2438 sum,
661 2359 734 2417 turn
753 2351 866 2442 operis
882 2351 985 2442 ipsius
1006 2352 1205 2445 magnitudo
1224 2363 1258 2422 et

150 2452 340 2526 difficultas.
401 2453 474 2522 Sed
507 2462 621 2520 tamen
653 2450 809 2520 standum
839 2453 1013 2542 promissis
1049 2463 1117 2542 est,
1151 2477 1257 2545 quum

148 2556 347 2648 praesertim
368 2556 463 2624 multi
483 2555 652 2647 flagitent,
679 2575 742 2621 nec
769 2554 945 2643 quisquam
966 2578 1023 2624 me
1048 2556 1149 2640 visat,
1174 2559 1257 2646 quin

148 2658 340 2751 Aeschylus
361 2657 498 2749 quando
519 2660 561 2726 sit
580 2656 773 2750 proditurus
797 2666 946 2746 quaerat.
1005 2655 1094 2727 Mihi
1116 2659 1257 2750 quidem

148 2761 236 2831 haec
267 2763 435 2831 cunctatio
463 2762 541 2854 plus
570 2760 701 2848 nocuit,
744 2783 848 2850 quam
879 2759 1064 2853 Aeschylo.
1125 2762 1257 2841 Vereor

150 2866 255 2955 enim,
281 2888 344 2950 ne,
370 2888 439 2955 quo
452 2863 574 2934 diutius
587 2886 718 2950 moror,
745 2886 787 2931 eo
802 2863 1002 2956 prolixiores
1019 2875 1257 2958 exspectentur

150 2969 398 3055 commentarii,
424 2976 629 3060 sperentque
649 2967 800 3034 nonnulli
821 2989 876 3034 me
892 2967 947 3035 vel
963 2967 1008 3035 de
1022 2968 1123 3037 rebus
1138 2993 1256 3062 gram-

150 3072 276 3140 maticis
306 3072 412 3140 multa
440 3070 626 3157 dicturum,
665 3069 719 3137 vel
747 3070 974 3159 quaesiturum
1004 3069 1048 3139 de
1074 3072 1255 3148 reconditis

151 3183 252 3265 atque
279 3174 453 3260 abstrusis,
488 3174 599 3266 qualia
625 3172 746 3263 quibus
770 3174 804 3240 in
826 3182 974 3241 mentem
1000 3174 1151 3262 veniunt,
1183 3174 1255 3243 ha-

149 3277 271 3346 bentur
285 3277 475 3346 doctissimi.
522 3276 653 3354 ¹Verum
668 3275 755 3345 haec
771 3299 838 3369 ego
855 3277 927 3345 aliis
942 3277 1145 3368 relinquam:
1171 3279 1258 3350 mihi.

151 3381 195 3448 ab
208 3381 300 3449 initio
314 3380 383 3449 hoc
397 3381 459 3448 fuit
473 3379 705 3472 propositum,
731 3391 823 3448 ntea
837 3379 1012 3468 afferrem,
1033 3383 1154 3470 quibus
1171 3383 1254 3451 effi-

151 3492 302 3569 ceretur,
335 3493 373 3552 ut
396 3483 446 3551 sui
474 3484 611 3553 similior
638 3506 741 3572 quam
771 3483 885 3551 adhuc
908 3492 959 3552 est
985 3507 1058 3553 esse
1084 3484 1255 3553 videretur

151 3608 298 3656 summus
326 3595 440 3678 poeta
500 3588 591 3655 Nam
615 3586 678 3654 etsi
703 3588 798 3655 multi
828 3585 976 3655 adeum
1005 3587 1254 3656 emendandum

150 3712 293 3782 operam
319 3691 532 3758 contulerunt
559 3698 672 3778 suam,
704 3698 818 3758 tamen
842 3689 1003 3782 singulari
1028 3689 1100 3756 fato
1126 3688 1254 3758 factum
1313 3720 1319 3729 ’

150 3793 268 3880 video,
294 3802 332 3861 ut
352 3794 399 3862 illi
420 3794 475 3862 vel
496 3793 530 3861 in
545 3793 673 3885 pusillis
697 3791 896 3882 quibusdam
918 3793 1019 3860 rebus
1040 3793 1102 3859 toti
1122 3792 1253 3862 adhae-
1295 3821 1298 3825 ’

149 3905 337 3984 rescerent,
365 3896 439 3983 vel,
474 3897 503 3965 si
525 3894 570 3963 ad
593 3894 784 3964 difficiliora
804 3894 1019 3980 accederent,
1053 3917 1250 3991 corrumpe-

150 4009 225 4068 rent
241 4000 340 4092 plura
362 4023 465 4090 quam
481 3998 566 4068 vitiis
585 4009 789 4091 purgarent,
815 3996 969 4089 eoquod
995 3997 1107 4066 debile
1131 4008 1253 4092 pectus

149 4125 218 4172 non
238 4114 376 4195 caperet
399 4103 468 4171 vim
490 4102 688 4170 immensam
707 4102 790 4171 tanti
812 4097 949 4194 ingenii.
1010 4100 1164 4186 Quorum
1186 4126 1252 4196 ego

148 4205 183 4275 in
209 4206 469 4278 laboriosissima
493 4228 600 4299 opera
628 4204 712 4273 illud
741 4228 845 4297 saepe
870 4205 1006 4273 miratus
1031 4227 1122 4294 sum,
1158 4207 1252 4295 quod

149 4309 233 4378 dum
248 4333 284 4378 se
298 4310 387 4379 miris
402 4309 511 4380 modis
527 4318 701 4400 torquent,
728 4308 823 4400 quasi
838 4303 979 4402 caligine
996 4307 1143 4399 quadam
1161 4331 1250 4377 ocu-
