2842 4920
491 352 549 416 DE
586 349 862 416 Pnnuicvna
887 347 935 417 dv

688 698 731 767 X.

227 851 297 922 De
322 848 375 925 dr
402 871 496 919 cum
520 849 774 923 indicativo
799 851 845 920 in
865 873 914 921 re
937 855 1188 950 consucta.

256 1022 488 1114 Explicuimus
521 1022 689 1090 indicativi
715 1044 793 1089 cum
816 1025 982 1115 particula
1014 1025 1061 1098 οἷα
1086 1025 1277 1094 consocia-'

154 1129 300 1196 tionem*
313 1147 405 1212 eam,
443 1147 532 1214 quae
564 1126 658 1214 quod
683 1127 842 1216 impletae
868 1128 1065 1197 conditionis
1092 1131 1264 1198 notionem

155 1231 319 1315 continet,
356 1227 400 1294 ad
425 1251 498 1296 rem
524 1228 648 1295 factam
672 1230 826 1303 refertur.
879 1232 977 1298 Nunc
1008 1232 1186 1299 dicendum
1212 1243 1263 1302 est

155 1332 199 1400 de
232 1333 337 1399 altero
362 1353 506 1423 genere,
547 1330 639 1420 quod
671 1333 829 1421 quoniam
860 1333 905 1400 ad
939 1334 1162 1404 conditionem
1192 1359 1261 1404 non

151 1436 328 1526 impletam
354 1443 500 1525 spectat,
526 1434 571 1501 ad
596 1457 686 1523 rem,
713 1457 800 1524 quae
827 1459 895 1504 non
920 1446 970 1504 est
989 1439 1096 1525 facta,
1129 1438 1260 1507 refera-

153 1548 208 1608 tur
234 1559 372 1605 necesse
398 1544 458 1608 est.
512 1537 687 1629 Significat
708 1538 795 1605 euim
820 1539 867 1629 id,
891 1540 984 1629 quod
1009 1542 1116 1626 fieret,
1143 1543 1170 1610 si
1195 1543 1260 1609 im-

152 1644 247 1734 pleta
272 1649 360 1709 esset
386 1638 554 1724 conditio,
596 1663 665 1708 non
690 1641 729 1707 fit
748 1651 881 1728 autem,
922 1644 1001 1732 quia
1025 1668 1093 1713 non
1119 1654 1170 1713 cst
1194 1645 1259 1712 im-

151 1745 256 1838 pleta.
308 1744 388 1811 Hoc
412 1765 521 1834 genus
547 1765 607 1810 cur
630 1743 822 1834 imperfecti
846 1755 975 1813 tantum
1001 1755 1036 1814 et
1059 1737 1261 1838 piusquam-

151 1846 298 1940 perfecti
321 1853 357 1912 et
381 1845 493 1911 aoristi
518 1845 693 1935 proprium
720 1847 778 1932 sit,
806 1870 908 1938 supra
934 1849 1077 1938 dictum,
1102 1874 1178 1941 cap.
1199 1851 1258 1937 Vi.

151 1951 392 2036 monitumque,
419 1948 446 2014 si
472 1946 571 2013 aliam
596 1948 664 2014 vim
688 1942 817 2017 habere
841 1949 1004 2035 videatur,
1037 1977 1138 2044 quarn
1162 1955 1197 2020 in
1221 1977 1261 2022 re

151 2053 261 2137 facta,
295 2050 331 2117 id
356 2048 462 2117 videri
483 2049 734 2134 tantummodo,
767 2073 951 2140 nonense,
983 2056 1061 2144 quia
1095 2055 1259 2125 differen-

22 2146 25 2155 ’
98 2137 102 2147 “
151 2157 198 2224 tia
222 2153 329 2222 omnis
355 2174 425 2219 nou
449 2153 483 2219 in
507 2151 687 2219 indicativo
714 2162 748 2220 et
777 2155 962 2244 particula,
1005 2157 1125 2224 sedin
1151 2181 1193 2225 eo
1219 2159 1261 2228 sit

150 2257 277 2352 posita,
307 2262 419 2322 utrum
445 2252 489 2322 de
515 2254 653 2345 impleta
679 2278 721 2321 an
747 2255 791 2323 de
816 2279 886 2325 non
910 2258 1050 2350 impieta
1070 2259 1260 2329 conditione

152 2363 194 2429 sit
218 2356 448 2452 cogitandum.
502 2358 618 2443 Quare
642 2358 701 2425 ubi
726 2380 837 2448 neque
862 2359 994 2429 adiecta
1026 2371 1077 2430 cst
1109 2361 1260 2430 conditio

151 2452 222 2533 non
245 2463 404 2555 impieta,
438 2483 549 2551 neque
579 2470 722 2554 apparet
752 2461 1010 2554 intelligendam
1037 2466 1147 2532 sitan
1178 2487 1259 2554 non,

151 2569 199 2636 ibi
223 2588 359 2660 prorsus
386 2564 585 2657 ambiguum
601 2574 732 2651 manet,
762 2566 935 2655 quomedo
960 2569 1066 2636 verba
1089 2568 1259 2659 interpre-

150 2671 214 2738 tari
239 2670 376 2740 debeas,
428 2668 475 2737 Vt
499 2668 591 2765 apud
616 2665 878 2761 Aristophanem
903 2671 938 2739 in
962 2671 1070 2740 Pace.
1096 2669 1209 2744 1198.

253 2868 281 2912 ω
269 2831 534 2934 ς’φι’λτατ’,
504 2865 531 2909 ω
539 2834 716 2959 Τρογαι
722 2888 733 2924 ,
759 2833 819 2910 dc'
844 2835 939 2960 ρμοῖς
962 2835 1114 2934 ταγαθα

254 2942 443 3037 δέδρακας,
469 2932 614 3065 εἰρήνην
642 2934 810 3037 ποιήσας·
832 2969 876 3024 ως
902 2944 1044 3040 προτοῦ

254 3040 412 3124 οὐδεὶς’
395 3039 543 3140 επριΗατ
569 3070 616 3117 ατ
647 3044 825 3140 δρέπανον
851 3041 937 3120 ουδὲ
961 3038 1146 3140 κολλύβου.

150 3215 297 3286 Perinde
323 3221 390 3298 est,
426 3212 496 3280 sive
521 3219 651 3296 vertas,
695 3222 808 3282 antea
839 3235 944 3283 nemo
964 3214 1086 3307 facilc
1113 3213 1256 3287 emetat

140 3319 289 3412 sulcem
314 3312 529 3406 collybo,
504 3337 573 3383 sive
599 3314 708 3402 dicas,
741 3338 847 3387 nemo
873 3318 1037 3389 emisset:
1071 3320 1097 3388 si
1131 3320 1256 3388 scilicet

150 3422 274 3490 venalis
300 3418 426 3489 fuisset

251 3519 461 3590 Vrdeamus
451 3540 519 3585 ram
537 3541 636 3588 usum
653 3520 776 3611 ipsum.
809 3520 857 3589 Et
872 3523 983 3615 primo
1005 3524 1142 3614 quidem
1162 3526 1256 3620 apud

150 3627 278 3722 epicos.
303 3624 472 3695 Homerus
498 3620 568 3695 Od.
594 3629 631 3717 β.
659 3621 745 3697 184.

457 3787 523 3867 οὖα
548 3789 595 3866 ἄν
619 3786 735 3868 τόσσα
760 3795 997 3894 θεοπροπέων
1022 3792 1202 3898 ἀγόρευες.

152 3965 236 4037 Nem
260 3965 415 4037 diceres.
440 3964 488 4033 Et
511 3992 540 4039 ε.
567 3962 650 4040 39.-

249 4130 368 4227 udat,
391 4131 450 4210 ὅσ’
475 4132 522 4211 ἂν
545 4130 716 4210 οὐδέποτ’
735 4137 774 4212 ἐκ
800 4132 928 4260 Τρρίης
952 4131 1098 4236 ἐξήρατ’
1122 4135 1253 4215 Ὀδυσ-

252 4343 352 4440 εἴπερ
378 4335 531 4440 ἀπήμων
556 4335 666 4437 ἦλθε,
691 4264 909 4434 λαχώνσῗτξέ
932 4346 1052 4441 ληΐδος
1077 4338 1195 4420 αἶσαν.
