2842 4920
465 381 942 444 nlssnnrnrro.
1194 391 1259 453 288

152 571 354 663 Hesychius,
380 595 415 664 p.
432 568 520 643 528.
547 568 756 668 α’ρθύσανοι
775 571 991 663 (Favorinus,
1016 584 1056 643 ut
1072 577 1256 646 litterarum
1381 628 1385 637 ·

152 676 237 744 ordo
253 676 446 768 postulabat
468 669 716 773 ἄρθρύσανοι)
743 670 987 773 ἁποσχὴματα
1008 676 1068 751 καὶ
1085 676 1254 774 ἀποβλα-

151 774 341 876 στήματα,
369 789 402 849 et
423 802 460 870 p.
485 775 572 847 522.
594 773 837 874 α’ριθύσανοι,
864 776 1023 875 ἡνίοχοι,
1050 783 1108 851 nbi
1128 785 1255 852 littera-

150 906 226 951 rum
247 883 333 951 ordo
353 883 491 972 requirit
513 876 765 978 άρειθύσανοι.
817 882 996 973 Ingeniose
1020 886 1199 956 Passnvius
1222 890 1257 956 in

150 987 259 1054 lexico
276 986 480 1055 Germanica
499 987 637 1078 degan,
665 983 916 1078 dagenknopf,
943 987 987 1056 de
1001 989 1143 1058 fortibus
1166 990 1256 1059 dicta

150 1099 338 1181 comparat.
392 1088 494 1157 Certe
514 1087 656 1184 ἡνίοχοι
670 1111 739 1156 non
760 1099 955 1179 suspectum
966 1091 1116 1180 videtur,
1143 1097 1171 1163 si
1192 1097 1256 1163 ista

149 1194 287 1262 nomine
302 1194 398 1284 quasi
413 1192 532 1260 Martis
546 1192 755 1285 appendices
773 1193 1008 1284 significantur.

256 1296 362 1381 Quod
382 1297 603 1365 Antiatticista
621 1297 656 1363 in
676 1295 827 1364 Beldreri
846 1296 1029 1365 Anecdatis
1052 1321 1088 1388 p.
1112 1296 1199 1385 116,
1220 1299 1254 1369 ἵ.

151 1401 343 1488 adnotavit,
369 1393 480 1494 χερσά
488 1454 502 1487 ,
529 1393 578 1472 aa?
593 1393 647 1496 μή
662 1391 932 1494 γεωργούμενα·
954 1395 1135 1489 Αἰσχύλος
1149 1408 1255 1498 Προ-

150 1509 286 1602 μηθεῖ,
312 1525 380 1571 non
406 1504 515 1569 solnm
537 1511 651 1570 utrum
668 1524 710 1571 ex
732 1502 853 1569 Soluto
869 1525 913 1569 an
936 1525 978 1570 ex
994 1503 1144 1594 lgnifero
1167 1507 1256 1574 Pro-

150 1606 289 1691 metheo
309 1607 452 1697 petitum
474 1615 563 1674 esset
580 1607 745 1673 incertum
768 1613 888 1695 putare
907 1605 1055 1673 debebat
1077 1605 1256 1675 Blomfiel-

152 1710 226 1778 dius
237 1710 271 1777 in
286 1711 451 1801 glossario
462 1709 506 1775 ad
520 1710 701 1777 Persarum
712 1731 745 1780 v.
761 1705 821 1774 64.
831 1708 892 1775 sed
907 1708 1052 1776 dubitari
1066 1710 1166 1777 etiarn
1175 1719 1256 1803 pot-

151 1823 243 1898 erat,
269 1837 312 1880 an
326 1813 361 1881 in
376 1812 487 1882 Vmcti
502 1813 580 1881 loco
594 1835 637 1881 eo
653 1811 712 1904 qui
725 1811 892 1880 intercidit
906 1813 1070 1905 seriptum
1086 1813 1210 1883 fuisset.
