2842 4920
165 360 229 421 142
501 350 559 413 DE
593 348 864 414 Ptuulcvmt
887 344 934 414 δν

97 634 100 639 ‚
165 555 199 615 a
213 543 282 619 oa
299 552 325 630 ς.
343 539 430 611 τευ.

266 695 327 769 καλ
342 691 378 770 δ’
391 694 479 792 ἄλλῃ
495 693 653 788 νεμεσοῖ,
679 691 759 791 ἥτις
776 687 934 766 vocatas
953 721 994 789 ys
1010 694 1115 793 ῥέζοι.

164 852 297 938 Quibus
312 850 348 918 in
365 851 450 919 *locis
470 851 673 920 Schaeferus
694 850 728 916 in
748 847 866 916 Melet.
885 847 955 914 crit
973 871 1011 939 p.
1030 847 1116 918 122.
1132 853 1276 922 coniun-

165 957 287 1024 ctivum
302 955 423 1046 reponi
440 956 586 1023 volebat.
623 954 669 1022 At
682 961 775 1021 recte
791 952 918 1019 (lictum
932 952 1042 1044 ῥέζοι,
1068 954 1155 1022 utin
1171 956 1275 1044 facto,

164 1057 258 1149 quod
272 1059 345 1147 quis
361 1067 470 1126 sumat
482 1059 565 1145 fieri,
590 1079 656 1149 pro
678 1057 784 1150 ῥέζει,
811 1053 905 1144 quod
921 1063 1010 1122 esset
1023 1054 1067 1123 de
1083 1080 1164 1126 vere
1182 1060 1275 1128 facto

165 1163 300 1230 dictum.
351 1156 455 1258 Ῥέζῃ
472 1162 561 1229 enim
576 1161 621 1229 ad
633 1160 781 1227 futurum
800 1157 998 1244 referretur,
1024 1158 1057 1227 si
1073 1161 1154 1252 quis
1164 1161 1275 1255 scoe-

163 1265 225 1334 rit.
278 1263 384 1348 Quod
400 1267 462 1333 etsi
475 1266 543 1333 istis
560 1266 594 1332 in
607 1264 689 1333 locis
703 1263 815 1354 potuit
829 1261 910 1347 dici,
937 1284 1006 1330 nou
1019 1263 1147 1353 placuit
1160 1274 1276 1336 tamen

163 1375 309 1461 poetae,
335 1389 411 1435 eam
428 1369 474 1437 ob
501 1389 673 1451 caussam,
700 1365 794 1456 quod
813 1387 882 1433 uon
907 1364 951 1432 de
976 1366 1055 1435 solis
1076 1367 1198 1438 futuris
1219 1371 1276 1440 lo-

41 1494 49 1521 ·
165 1472 342 1561 quebatur.
395 1471 454 1540 Sic
468 1472 567 1540 etiam
581 1469 775 1562 Sophocles
786 1469 868 1541 Aut.
883 1464 972 1541 666.

268 1619 351 1698 ἀλλ’
368 1622 411 1696 ὃν
425 1616 528 1706 πόλις
543 1618 709 1720 στήσειε,
735 1619 805 1695 τοῦ
823 1621 861 1695 δέ
873 1617 943 1719 χρή
957 1620 1087 1697 κλύειν.

162 1779 204 1848 ld
218 1779 263 1848 de
276 1788 369 1847 certo
382 1779 519 1865 dictum,
542 1780 669 1875 ἔστησε
685 1777 887 1867 requireret3
915 1775 1015 1845 deco
1030 1788 1151 1866 autem,
1171 1803 1275 1870 quem

163 1885 292 1975 cogites
308 1883 393 1973 reip.
408 1882 620 1973 praefectum
645 1903 736 1966 esse,
762 1880 949 1971 optativum
971 1880 1087 1956 habet
1139 1884 1274 1953 Andoc.

163 2010 201 2078 p
216 1980 278 2058 85.
297 1983 403 2112 Ι(164.
419 1980 531 2078 §filo
551 1982 682 2073 Bam.)
709 1979 796 2073 ὗμιν
812 1979 909 2055 δε
865 2010 930 2055 ουν
946 2010 1033 2056 εισιν
1047 2013 1187 2081 ετεροι
1214 2015 1267 2083 op

163 2116 213 2160 ων
226 2115 349 2160 αιτιαν
365 2114 494 2175 εχυιτε
523 2109 561 2177 p.
578 2086 640 2157 96.
668 2079 824 2177 (158.§
850 2082 951 2174 l.)
929 2112 989 2155 οτι
1006 2086 1044 2158 δε
1067 2094 1102 2159 οἱ
1124 2083 1276 2217 ρ’ήτορες

162 2190 216 2284 τρῖ
233 2189 302 2280 μεν
328 2214 488 2277 ονοματι
504 2214 569 2283 της
585 2212 724 2282 ειρηνης
737 2210 986 2278 συγχωρουσι
1010 2187 1177 2269 τοΐςδ’
1156 2218 1276 2285 εργοις

163 2286 235 2385 cip
264 2285 313 2360 ὦν
341 2285 364 2385 η’
391 2282 513 2412 εἰρήνη
544 2290 688 2382 γένοιτο
717 2287 994 2376 ἐναντιοῦνται,
1026 2290 1206 2366 τοῦτοδὲ
1232 2290 1276 2367 ου’

163 2386 296 2477 πάντες
318 2385 556 2465 αισθὰνεσδε.
607 2389 784 2462 Demosth.
810 2413 848 2481 p.
871 2388 984 2475 1214,
1006 2391 1041 2463 4.
1060 2389 1144 2474 ἐξ
1115 2422 1165 2464 ων
1188 2396 1277 2471 τίνα

163 2523 228 2570 ουκ
248 2497 391 2583 οἴεσθε,
417 2523 444 2567 ω
433 2490 590 2591 ἄνδρες
605 2493 793 2580 δικασταί,
820 2498 897 2574 τοῖς
913 2488 1156 2619 στρατιώταις
1171 2495 1276 2572 αἰθυ-

161 2598 253 2692 μέαν
269 2602 457 2690 ἐμπεσεινς
479 2593 596 2695 πόσην
617 2598 659 2670 δέ
668 2624 735 2724 μοι
749 2624 845 2687 μετα
861 2595 980 2669 ταῦτα
996 2593 1193 2693 ἀπόλειψιν
1209 2630 1274 2694 γε-

162 2703 295 2774 νέσθαι
316 2695 449 2788 παλιν,
476 2729 549 2772 των
574 2697 735 2793 α’ρχαέων
757 2698 900 2771 ναυτῶν
921 2704 1274 2828 ταλαιπωρουμένων

162 2803 231 2896 μέν
254 2796 371 2874 πολλοί
380 2856 395 2892 ,
428 2799 687 2896 ὠφελουμένων
715 2801 753 2874 δε
775 2802 936 2896 βραχέα,
964 2799 1033 2875 ὅσα
1054 2808 1120 2897 ε’γω
1113 2798 1273 2880 δυναί-

161 2931 236 3000 μην
259 2897 397 3000 ἑκάστῳ
428 2898 717 2996 δανειζόμενος’
699 2904 895 3024 επαριιέσαι
921 2898 1047 3001 πρός
1034 2933 1060 2977 ω
1072 2902 1273 3027 πρότερον

163 3004 261 3099 εἶχον
275 3034 358 3132 παρκ
381 3008 490 3100 ἐμοῦ,
516 3007 592 3080 ε’πεὶ
608 3004 631 3080 ὅ
643 3035 684 3099 γε
707 3033 910 3103 στρατηγος
927 3003 1011 3082 οὐδέ
1035 3037 1079 3082 τυ
1099 3007 1161 3107 ἐφ
1177 3009 1273 3110 ημέ-

163 3137 233 3208 ραν
248 3106 372 3193 αυτοῖς
386 3104 527 3210 τροφήν
547 3110 677 3206 διαρκῆ
690 3109 831 3191 ἐδίδους

264 3265 319 3333 Ex
337 3265 390 3333 his
414 3265 513 3332 facile
535 3264 675 3332 iudicari
692 3270 826 3354 potest,
853 3264 1025 3352 quomodo
1046 3264 1093 3332 illi
1122 3266 1186 3335 sint
1205 3269 1272 3337 loci

162 3367 390 3458 intelligendi,
416 3369 451 3435 in
469 3367 589 3456 quibus
606 3366 772 3458 optativus
793 3389 870 3432 cum
888 3376 1066 3458 praesente
1080 3369 1135 3436 vel
1158 3371 1271 3440 futuro

162 3470 257 3537 verbi
271 3471 420 3560 primarii
434 3470 628 3537 coniunctus
643 3477 702 3541 est.
737 3468 958 3560 Apertissima
972 3471 1061 3540 euim
1074 3472 1172 3541 huius
1187 3498 1270 3543 con-

163 3573 349 3641 structionis
363 3574 447 3641 ratio
469 3581 536 3654 est,
564 3573 762 3662 simulatque
785 3573 971 3664 optativum
993 3599 1070 3643 cum
1091 3576 1271 3648 indicativo
1304 3656 1307 3661 ,

163 3677 427 3748 commutaveris.
471 3676 517 3776 Vt
531 3675 625 3747 lliad.
642 3679 672 3749 δ.
689 3674 774 3743 262.

657 3821 722 3901 cdv
741 3828 779 3901 δὲ
794 3830 917 3902 πλεῖον
934 3830 1041 3912 δέπας
1055 3829 1126 3903 αἰεὶ

265 3929 412 4027 ἕστηχ’,
439 3927 551 4030 ὥςπερ
570 3930 676 4025 ἐμοί,
704 3935 837 4017 πιέειν,
865 3929 928 4005 ὅτε
944 3926 1064 4026 δυμδς
1081 3928 1228 4029 οἷνοῖμοι.

265 4232 394 4331 πρώτω
410 4265 479 4333 γαρ
492 4267 551 4312 ναι
544 4234 693 4322 δαιτος
707 4236 990 4328 ακουοέζεσδυν’
972 4248 1094 4334 εμεΐο,

265 4336 404 4414 ὁπποτε
425 4344 588 4416 δαϊτα’
546 4369 713 4439 γερουσιν
726 4344 981 4440 ἐφοπλίζωμεν
993 4343 1151 4437 Ἀχαιοί
