2842 4920
153 353 198 417 20
499 351 558 415 DE
588 351 861 414 Pturlcvea
884 348 930 418 dv

154 542 292 612 innotivl
316 540 525 610 deliberativi
548 542 719 634 aliquanto
740 544 854 633 iatius,
879 554 918 616 nt
940 545 1042 616 cnivis
1070 494 1272 642 imberativo

155 647 356 717 subiiciatur.
408 643 504 714 liiad
522 655 549 732 ζ.
563 645 650 717 340.

258 795 340 876 αλλ’
354 797 420 894 οἶγε
435 798 499 874 νῦν
512 798 699 896 ἐπίμεινον
707 856 722 893 ,
749 794 862 900 ἀρήϊα
880 799 1002 894 τείχεα
1019 796 1101 878 driu.

152 974 193 1053 (ρ.
209 951 271 1024 tl.

256 1101 381 1183 ddunt
394 1134 443 1202 με
459 1105 541 1182 ὄττι
560 1103 731 1201 τάχιστα,
756 1103 869 1190 σέλαι
885 1103 1020 1184 Ἀΐδαο
1036 1103 1191 1208 περήσω.

153 1262 260 1356 Artigi
272 1261 359 1331 haec
375 1262 410 1330 in
427 1262 504 1332 diss.
519 1263 564 1333 de
577 1264 688 1356 ellipsi
703 1272 736 1331 et
752 1265 949 1356 pleonasmo
963 1288 999 1356 p.
1020 1262 1105 1331 182.
1140 1265 1270 1333 Exem-

152 1370 213 1462 pla
232 1368 322 1434 bene
343 1367 448 1433 multa
465 1368 636 1461 congessit
649 1368 829 1437 desleius
845 1369 892 1437 ad
909 1368 1048 1439 Heracl.
1065 1364 1152 1443 559.
1167 1378 1203 1436 et
1224 1368 1270 1437 ad

153 1469 318 1541 Medeam
331 1493 363 1542 v.
379 1468 491 1538 1242.

256 1573 485 1642 Deliberativo
501 1573 712 1642 coniunctivo
732 1573 767 1643 in
791 1573 937 1664 obliquis
950 1573 1269 1665 interrogationibus

154 1686 190 1747 et
212 1677 475 1747 dubitationibus
497 1678 553 1746 vix
565 1678 653 1747 ullus
673 1677 818 1769 scriptor
840 1679 972 1771 saepius
994 1701 1073 1746 usus
1097 1684 1148 1745 est
1166 1699 1270 1767 quam

153 1779 360 1851 Herodotus.
376 1781 403 1847 l.
419 1776 478 1850 15.
493 1781 528 1860 ές
542 1808 584 1853 το
596 1774 646 1853 td
652 1774 853 1876 χρηστήρια
862 1782 1014 1872 ἔπεμπε,
1031 1773 1270 1876 εἰστρατεῦη·

153 1911 218 1957 τοιι
240 1883 298 1957 ἐπὶ
319 1883 473 1978 Πέρσας.
527 1881 615 1951 Vide
639 1882 681 1949 11.
696 1880 758 1951 52.
783 1883 842 1951 lV.
859 1881 894 1951 9.
917 1883 975 1950 vl.
999 1879 1060 1954 35.
1083 1883 1141 1952 nbi
1163 1884 1269 1978 σοιέη

153 1985 406 2080 reponendum3
434 1994 468 2053 et
489 2008 568 2053 eum
582 1981 677 2066 ὄιτιι
690 1985 749 2055 lv.
768 1981 853 2053 156.
874 1985 917 2053 V.
932 1985 991 2054 42.
1009 1988 1068 2054 ubi
1083 2009 1165 2054 vera
1183 1986 1270 2076 seri-

151 2100 254 2183 ptura
269 2099 320 2158 est
342 2091 378 2184 ἶη
385 2115 399 2178 ,·
424 2088 484 2155 lx.
500 2086 560 2159 98.
575 2097 611 2156 et
626 2111 704 2155 curn
720 2085 889 2182 ὁκότερος
902 2087 929 2157 L
951 2084 1039 2158 159.
1058 2097 1093 2156 et
1107 2088 1195 2157 2116.
1211 2089 1271 2157 (ὼὶ

152 2193 256 2287 ποιέῃ
271 2190 472 2283 legendum3
498 2191 556 2259 vl.
570 2188 630 2261 52.
645 2190 736 2258 vili.
754 2189 839 2258 101.
894 2189 1073 2259 coniunxit
1085 2200 1271 2280 utrumque

39 2372 45 2379 ⁴
151 2265 310 2381 modium,
336 2294 583 2362 coniunctium
601 2302 636 2362 et
649 2294 848 2386 optativum,
873 2293 900 2360 1.
914 2289 975 2361 53
992 2299 1091 2367 τοῖσι
1111 2290 1192 2366 δὲ
1166 2321 1271 2385 αγειν

151 2399 325 2492 μέλλουσι
339 2395 414 2470 τοῖν
429 2397 563 2471 Aeduis
579 2396 701 2470 ταῦτα
716 2425 764 2471 τα
755 2389 918 2520 δαρα’
900 2424 934 2477 sc
947 2389 997 2468 τοῖ
1010 2388 1094 2492 inni,
1122 2396 1271 2469 ἑνέτελ-

152 2497 277 2574 isao‘
255 2526 275 2572 o
296 2503 495 2596 Κροῖσοι’
476 2500 678 2597 σσειρωτοῖν
699 2528 747 2574 τα
748 2493 988 2626 χρηστήρια,
1016 2501 1051 2571 εἰ
1064 2489 1270 2620 στρατεύη-

151 2630 217 2676 ται
241 2602 299 2676 ἐπι
324 2604 470 2700 Πέρσαι
487 2608 670 2701 Κροῖσοι,
696 2602 755 2675 καὶ
778 2605 816 2675 εἴ
832 2629 918 2676 τινα
939 2629 1101 2698 στρατσν
1124 2595 1269 2696 ἀνδροῖν

151 2705 372 2803 προςθέοντο
392 2705 509 2801 φίλον.
551 2708 690 2776 Etmox
704 2706 810 2799 legati
825 2705 912 2774 baec
925 2712 1102 2798 repetunt:
1127 2702 1188 2777 ιιαὶ
1202 2702 1269 2776 νῦν

151 2805 310 2902 dntoc’
292 2834 495 2929 επειρριτη,
533 2812 569 2884 εἰ
593 2803 842 2907 στρατεύηται
866 2806 924 2883 ini
943 2809 1119 2932 Πέρσας,
1152 2805 1213 2878 ναὶ
1235 2807 1274 2879 εἴ

150 2938 236 2984 τινα
270 2937 433 3009 στρατον
470 2908 613 3008 σίνδροῖν
647 2914 868 3009 προσθέοιτο
907 2904 1113 3004 σύμμαχον
1174 2909 1268 2978 Cave

150 3015 323 3105 utriusque
333 3015 427 3084 modi
445 3018 601 3086 eamdem
618 3025 719 3109 putes
733 3017 802 3084 vim
818 3039 901 3083 esse.
937 3016 1061 3104 Neque
1069 3035 1152 3082 vero
1166 3023 1268 3105 opta-

150 3118 257 3204 tivus,
284 3127 321 3187 ut
344 3120 397 3186 cui
418 3143 488 3188 non
508 3118 592 3189 sit
567 3148 612 3192 αν
636 3119 806 3205 additum,
833 3119 1025 3210 siguificare
1046 3117 1190 3210 poterit,
1218 3139 1268 3184 an

144 3231 275 3316 posset
287 3222 357 3290 sibi
377 3224 498 3293 socios
513 3224 731 3315 adiungere.
786 3221 859 3290 Sed
879 3221 947 3288 hoc
966 3221 1068 3290 dicit:
1092 3243 1141 3290 an
1157 3217 1267 3289 debe-

152 3335 211 3394 ret
228 3326 491 3417 expeditionem
513 3326 695 3395 adversus
715 3326 858 3395 Persas
870 3322 1027 3416 secere,
1057 3334 1093 3393 et
1116 3348 1166 3393 an
1182 3346 1267 3392 cen-

152 3436 274 3498 serent
289 3429 445 3497 oraonln
462 3430 580 3498 socios
598 3428 767 3522 adiungi.
816 3428 907 3495 Nam
925 3427 1057 3495 diversa
1072 3427 1159 3495 baec
1171 3436 1267 3496 sunt:

151 3531 263 3623 primo
284 3531 468 3624 interrogat
483 3557 526 3600 an
548 3533 674 3600 debeat
690 3531 878 3625 proficisci,
904 3554 993 3620 quae
1010 3532 1115 3622 ipsius
1130 3538 1182 3599 est
1203 3529 1268 3599 de-

152 3634 326 3718 liberati03
352 3634 493 3724 deinde,
520 3638 548 3705 si
568 3636 712 3724 debeat,
739 3659 782 3703 an
803 3635 940 3703 oracula
959 3634 996 3703 id
1011 3658 1047 3703 se
1062 3635 1166 3704 velint
1188 3657 1269 3701 enm

152 3739 250 3807 sociis
269 3738 395 3825 facere,
422 3740 517 3830 quod
531 3741 614 3809 nihil
627 3750 678 3809 est
691 3738 792 3827 aliud,
817 3761 941 3829 quam,
968 3762 1012 3806 an
1029 3739 1190 3824 sinerent,
1212 3736 1269 3805 id-

152 3864 220 3931 que
237 3852 288 3910 est
301 3866 343 3911 ex
359 3846 573 3913 oraculorum
583 3790 846 3913 mentedictbm.
881 3843 923 3913 ld
937 3852 1082 3935 apparet
1095 3865 1138 3912 ex
1153 3842 1195 3910 V.
1204 3838 1268 3908 61.

151 3944 288 4018 τοῦτον
314 3942 525 4071 ἐπιθημησο
546 3977 566 4022 ο
558 3946 848 4070 ’Κλεισθένης’
830 3939 940 4019 εόντα
960 3942 1132 4043 Ἀργεῖον
1153 3948 1268 4038 ἑκβα-

151 4050 209 4120 tc·
192 4075 226 4120 ιν
241 4048 278 4121 ἐκ
281 4049 358 4171 τῆς
375 4044 500 4177 χώρης
525 4045 645 4126 ἑλθοὶν
660 4052 731 4125 δὲ’
714 4078 748 4130 ες
762 4042 941 4145 Δελφούς,
967 4042 1267 4147 ἐχρηστηριάζετο

153 4177 185 4223 ιι
180 4144 410 4272 ’ἔκβαλον
363 4179 430 4227 τον
437 4152 657 4253 Ἄδρηστον.
709 4155 839 4247 Aperte
851 4153 908 4221 hio
920 4175 989 4220 non
1000 4153 1197 4243 interrogat,
1223 4173 1268 4218 an

152 4253 277 4323 debeat
302 4255 423 4325 eiicere
449 4257 650 4342 Adrastum,
676 4257 805 4326 sedan
826 4258 907 4324 velit
928 4279 1007 4324 enm
1026 4256 1155 4348 Apollo
1180 4254 1268 4341 eiioi,

151 4357 172 4429 i.
187 4381 216 4429 e.
231 4382 275 4428 an
287 4381 355 4429 non
374 4360 574 4457 refragetur.
627 4361 764 4432 Eodem
785 4360 891 4430 modo
911 4359 993 4430 ilud
1011 4358 1268 4454 intelbgendnm
