2842 4920
181 357 225 421 '14
524 353 582 417 DE
606 351 883 416 PARTIGVLA
904 347 953 418 riv

180 552 336 638 tempore
351 545 508 639 intelligi,
534 565 577 614 ex
593 566 636 613 eo
657 566 867 637 cognoscere
880 543 959 613 licet
975 542 1059 635 quid
1077 544 1293 616 statuendum

181 648 284 717 eilde
301 649 534 743 Aristophanis
550 648 652 716 loco
642 672 676 716 1n
690 648 823 719 Eccles.
839 646 925 719 140.

228 892 230 896 μ
284 800 344 874 καὶ
368 829 411 897 οη
426 801 516 875 Δία
543 794 796 892 σπέοδοασίγ’
823 797 969 897 ἢτίοος
994 793 1102 922 χάριν
1216 806 1219 810 ’

251 899 513 996 τοσαῦτοίγ’
541 899 704 999 εὔχοντ’,
732 905 832 999 εἴπερ
859 899 1006 996 ulcorra
980 897 1202 1000 μήπαοῦα,·

181 1055 354 1127 Audacius
372 1065 406 1125 et
425 1057 582 1125 temerius
600 1055 706 1124 edidit
720 1054 986 1142 Brunckius‚
962 1083 984 1152 η
1001 1083 1099 1136 τινος
1120 1053 1166 1128 οἷν
1185 1049 1292 1152 χάριν

178 1155 337 1231 τοσαῦτ’
358 1153 578 1249 ἑποῦχοιοτ’.
630 1157 710 1228 Ald.
731 1155 886 1230 τοσαῦτ’
902 1152 1100 1248 ἑπεῦχοοτ’.
1152 1159 1292 1226 Raven-

180 1285 240 1329 nas
259 1258 415 1335 τοσαῦτ’
436 1259 592 1351 εὔχοντ’.
645 1262 700 1329 Ex
723 1259 800 1328 cod.
821 1261 960 1330 Monac.
981 1260 1075 1352 apud
1094 1261 1293 1330 Dobtaeum

180 1364 375 1432 adnotatum
400 1360 554 1439 τοσαῦτ’
583 1359 714 1454 ἔχοντ’.
766 1365 865 1432 Patet
890 1388 989 1450 vero,
1025 1361 1171 1453 εὔχοντ’
1196 1365 1291 1446 illud,

148 1498 153 1508 ·
179 1469 207 1537 si
224 1469 297 1556 quis
314 1464 412 1536 irl'
369 1494 521 1558 εοχοατο
540 1491 613 1536 esse
625 1474 734 1559 putat,
757 1469 850 1536 nullo
865 1469 969 1536 modo
983 1469 1172 1559 significare
1187 1490 1291 1558 posse

146 1580 433 1679 precarentur
486 1570 603 1655 Quare
629 1579 686 1638 aut
714 1580 766 1639 cst
785 1569 975 1660 εὔχονται,
1009 1580 1084 1658 aut,
1111 1571 1140 1638 si
1163 1571 1291 1663 imper-

146 1656 306 1743 sectum
321 1683 389 1764 est,
416 1674 515 1743 scribi
530 1675 633 1744 debet
645 1670 801 1746 τοσαῦτ’
817 1673 863 1745 ἄν
879 1671 1032 1764 οῦχοατ.

280 1728 447 1848 Adiiciam
469 1777 539 1864 his,
564 1786 689 1846 utnon
708 1776 776 1844 huc
789 1778 960 1869 pertinere
978 1799 1152 1865 moneam,
1178 1777 1292 1845 locum

177 1881 289 1952 Aiacis
303 1879 435 1952 v.183.

282 2031 418 2107 οὔποτε
444 2025 514 2124 yolo
541 2026 725 2127 φροοόθεο
748 2028 787 2124 y’
812 2027 873 2106 ἐπ’
899 2023 1074 2127 descend,

281 2142 351 2207 παῖ
377 2134 720 2226 Τολομοῖαος,,ἔβας

279 2231 414 2310 τόσσον
423 2290 438 2326 ,
464 2240 504 2308 e’r
529 2241 701 2329 ποιμοαῑς
726 2226 874 2308 urerer.

177 2387 403 2460 Blomfieldus
426 2389 472 2457 ad
492 2388 659 2479 'Aeschyli
674 2391 766 2458 Pers,
786 2385 874 2455 871.
898 2385 944 2459 eir
960 2350 1293 2478 inserendum'puta-

176 2493 247 2568 bat.
298 2493 345 2562 At
369 2492 457 2560 illud
483 2516 551 2561 non
580 2493 615 2560 in
637 2491 726 2567 hanc
749 2492 946 2560 seutentiam
970 2488 1206 2583 accipiendum
1229 2499 1291 2576 est,

4 2670 7 2674 ,
70 2677 74 2683 ⁴
175 2621 248 2667 non
269 2597 324 2667 ita
340 2596 569 2682 insaniisse,
599 2594 660 2664 sed
679 2596 747 2664 hoo
766 2596 871 2662 modo
888 2592 1198 2685 interpretandum:
1219 2615 1292 2662 nou

176 2702 270 2770 enlm
288 2723 313 2768 α
327 2722 424 2769 sana
439 2709 560 2769 mente
579 2699 635 2768 ita
657 2700 901 2792 adperversa
918 2697 1116 2767 aberrasti.

281 2803 462 2873 Caeterum
481 2804 580 2870 etiam
595 2803 768 2870 Romanos
785 2811 914 2870 constat
927 2801 1048 2869 eadem
1064 2802 1196 2894 ligura,
1223 2821 1291 2887 qua

176 2906 303 2975 Graeci
322 2907 371 2973 uti
396 2915 656 2994 consueverunt,
681 2906 716 2973 in
736 2928 774 2973 re
797 2906 978 2996 praeterita
1001 2905 1200 2972 indicativos
1223 2924 1290 2992 pro

176 3010 392 3078 coniunctivis
416 3033 588 3101 usurpare.
641 3009 729 3078 Satis
750 3008 864 3077 habeo
885 3008 928 3076 de
950 3009 1101 3100 plurimis
1116 3030 1221 3076 unum
1236 3005 1289 3073 af-

175 3113 265 3183 ferre
280 3113 484 3204 exemplum.
535 3113 697 3182 Horatius
715 3111 829 3183 Caum.
844 3111 888 3179 Π.
901 3110 962 3199 17,
977 3110 1037 3179 28.

340 3286 399 3333 me
425 3274 577 3334 truncus
602 3265 758 3357 illapsus
782 3263 933 3345 cerebro
1017 3336 1021 3340 ,

383 3369 605 3457 sustulerat,
632 3368 702 3438 οἱοὶ
727 3368 878 3438 Faunus
903 3367 1014 3436 ictum

305 3469 443 3540 dextra
469 3471 637 3542 levasset.

161 3874 243 3988 ‘De
267 3875 533 3976 indicativo
549 3881 802 3975 particula
823 3877 878 3954 cir
900 3873 1083 3947 ironice
1105 3873 1287 3944 omissa.

277 4029 432 4120 Denique
449 4034 515 4101 alia
529 4035 613 4103 ratio
629 4045 680 4105 est
694 4033 851 4104 orationis
867 4033 1022 4100 ironicae.
1076 4031 1167 4097 Nam
1183 4051 1288 4118 quum

173 4132 300 4200 ironiae
319 4134 379 4220 sit,
407 4140 609 4206 contrarium
625 4141 751 4230 dicere,
778 4159 879 4228 quam
898 4135 1040 4226 intelligi
1059 4133 1193 4218 debeat,
1217 4155 1287 4201 non

174 4244 225 4304 est
238 4236 437 4327 obscurum,
466 4264 524 4328 ea,
550 4264 638 4332 quae
659 4244 729 4312 sine
753 4241 861 4310 ironia
883 4261 961 4306 cunr
981 4239 1149 4332 particula
1170 4235 1216 4308 οἷο
1233 4236 1287 4303 di-

175 4338 282 4408 cenda
301 4352 423 4432 essent,
451 4345 478 4413 si
491 4345 618 4415 ironice
634 4347 799 4435 dicuntur,
813 4345 943 4412 'carere
960 4340 1088 4411 debere
1110 4341 1285 4434 particula
