2842 4920
567 367 874 433 conveni
1211 380 1276 442 mo
1390 452 1394 459 ,

171 556 300 650 telligo.
352 555 492 628 Mecum
524 559 621 627 sentit
652 558 828 648 Gruelius,
866 548 957 631 cuins
990 564 1192 660 perelegans
1224 576 1275 635 est

171 661 380 748 coniectum,

272 811 434 913 χροσείης
450 809 489 888 δ’
504 807 681 914 ἑκοίτερθε
695 820 957 916 τινασσομένης
971 820 1200 914 πλοκαμῖδας.

271 965 544 1062 ιΗισιερισ·

220 1117 306 1195 odd
323 1117 417 1218 αὕτη
410 1115 603 1214 βασίλεια
617 1121 676 1193 καί
670 1119 865 1247 ἁρμονίης
878 1056 1082 1250 Αρροδίτη

219 1226 397 1322 ίρχομίνη
411 1217 602 1321 δήθυνεν’
584 1250 628 1298 επ
637 1220 770 1300 ἄλσεα
784 1222 1028 1326 Κενταύροιο.

166 1372 344 1448 Secundus
360 1374 460 1444 codd.
479 1376 582 1446 Paris.
602 1377 662 1449 καί
684 1375 870 1478 οἱρμοδίης.
923 1381 1052 1452 Censor
1066 1381 1270 1454 Heidelber-

165 1482 279 1574 gensis
301 1479 444 1548 coniecit
458 1479 715 1578 συναρμονίης,
742 1506 846 1604 quam
857 1507 979 1554 vocem
995 1485 1223 1556 Schneiderus
1236 1487 1271 1556 in

165 1585 298 1655 lexicon
312 1607 409 1652 sumn
422 1591 460 1650 ut
474 1582 574 1651 valde
588 1582 726 1652 dubiam
742 1588 856 1656 neseio
871 1588 962 1657 unde
979 1589 1144 1661 intulerat
1182 1591 1269 1659 Pes-

165 1689 278 1756 sovius
299 1688 420 1760 omisit
451 1685 644 1755 Wernikius
669 1689 772 1756 ulium
790 1692 916 1780 requiri
935 1692 1121 1784 genitivum
1141 1692 1269 1814 videns,

162 1792 269 1859 lutere
284 1814 362 1859 eum
377 1792 411 1858 in
424 1812 511 1859 voce
525 1786 619 1886 αὕτη
612 1783 784 1881 putabat
816 1794 869 1861 lta
884 1795 986 1864 sensit
1002 1796 1102 1865 etiem
1115 1818 1173 1887 qut
1163 1791 1269 1870 ''odd

143 1887 304 1992 ¹dodone
317 1890 494 1987 βασίλεια
504 1893 664 1981 coniecit,
692 1894 784 1986 quod
803 1920 871 1965 non
894 1898 1071 1968 convenire
1090 1899 1170 1967 huic
1189 1899 1268 1967 loco

162 2007 256 2066 recte
280 1997 407 2064 monuit
434 1995 603 2066 Graefius.
655 1996 693 2066 Si
711 1999 866 2091 genitivis
890 2001 962 2070 aliis
982 2024 1068 2094 opus
1095 2012 1167 2092 est,
1200 2003 1268 2070 tale

162 2099 245 2192 quid
257 2101 419 2192 scriptum
436 2101 598 2191 suspicari
587 2099 742 2186 licebit,
769 2098 851 2176 οόδ
865 2099 959 2226 αρ’τη
951 2097 1142 2198 βασίλεια
1159 2130 1267 2201 χορο-
1359 2148 1362 2154 ,

160 2200 368 2277 πλεκίοιν
346 2203 527 2294 νμεναίοιν
555 2201 614 2275 καί
638 2207 823 2297 γλυκεροῖο
851 2200 1002 2279 πόθοιο
1010 2206 1069 2279 καί
1092 2205 1267 2304 ἁρμονίης

159 2302 372 2404 Ἀφροδίτη.
425 2306 485 2425 Sin
500 2308 626 2392 minus,
652 2309 762 2397 potuit
781 2309 838 2377 ille
860 2311 1010 2379 scrihere
1030 2306 1121 2384 καθ
1141 2307 1266 2407 οἷρμο-

159 2404 428 2601 titillat
423 2404 861 2596 ιίίίλίίλῖφὲἓίῖλὲ
874 2413 1107 2583 §tillidi
1118 2436 1153 2583 ἔ
1167 2410 1298 2602 iii

159 2615 241 2683 nihil
257 2615 313 2682 hic
329 2615 411 2683 certi
426 2615 495 2683 sine
510 2613 626 2681 libris
616 2615 756 2682 rnveniri
771 2623 894 2706 potest
1138 2539 1165 2607 p

259 2719 302 2786 V.
322 2716 382 2787 46.
415 2708 529 2786 Eridis
548 2718 598 2785 ira
616 2716 660 2784 ad
683 2719 800 2810 epodas
824 2741 893 2788 non
914 2728 1054 2789 vocatae
1074 2716 1125 2788 his
1150 2717 1261 2788 verbis

158 2819 375 2891 describitur:
531 2857 534 2863 ¹

209 2967 362 3047 πολλόκι
379 2969 415 3046 δ’
430 2968 656 3067 edicit‘yyoc
629 3000 702 3046 απο
695 2967 883 3065 κλισμοῖο
899 2977 1077 3103 donatiuo

210 3084 339 3149 ἵστατο
354 3104 415 3150 και
406 3075 644 3170 παλίνορσος
659 3077 823 3170 ἐφέζετο·
850 3102 943 3199 χιιρι
936 3077 998 3150 δὲ
1014 3077 1113 3207 γαίης

209 3175 298 3252 eddi
306 3207 347 3254 τε
363 3172 498 3252 κόλπον
515 3180 634 3274 ἔρυξε,
661 3178 722 3249 καί
738 3174 801 3250 οὐκ
818 3172 1027 3276 ἐφράσσατο
1044 3183 1189 3274 πέτρην

154 3332 313 3400 Permiris
328 3332 415 3400 haee
431 3331 629 3400 coniecturis
643 3338 770 3399 tentato
789 3342 873 3420 sunt,
895 3354 1038 3423 quarum
1056 3355 1142 3423 eam,
1170 3353 1258 3422 quae

155 3459 176 3501 a
202 3435 379 3526 Lennepio
408 3434 584 3527 proposita
611 3443 678 3521 est,
709 3434 842 3504 admisit
866 3434 1062 3524 hotkerus,
1098 3434 1191 3531 χειρὶ
1218 3434 1257 3506 dd

153 3536 256 3632 γαίης
276 3533 383 3633 εόρέα
404 3533 539 3610 κόλπον
559 3533 679 3631 όραξε.
713 3539 793 3625 -At‚
818 3539 880 3607 nisi
902 3540 996 3629 quod
1014 3539 1255 3632 grammaticae

152 3661 222 3708 non
235 3649 416 3733 repugnat,
437 3640 519 3708 nihil
532 3639 619 3708 haec
633 3643 824 3710 coniectura
837 3642 1129 3716 habetlaudabile.
1142 3669 1145 3673 ·
1156 3641 1245 3708 Nam
1253 3642 1301 3709 11

152 3766 197 3811 ne
220 3766 483 3813 commemorem
496 3744 647 3835 ineptum
660 3745 717 3812 hic
734 3745 906 3837 epitheton
925 3770 999 3814 esse
1014 3742 1135 3840 εὐρέα,
1163 3765 1252 3834 quae

124 3892 126 3899 -
151 3846 210 3914 illa
230 3856 300 3915 tam
317 3847 490 3940 singularis
505 3847 589 3915 ratio
606 3857 657 3917 est
671 3848 793 3915 furoris
811 3848 1036 3939 significandi,
1062 3871 1165 3916 manu
1181 3855 1252 3914 ter-

151 3973 226 4018 ram
238 3952 447 4042 percutere?
472 3950 580 4018 hmuo
595 3951 651 4038 qui
665 3952 711 4019 ita
725 3959 800 4018 sunt
813 3952 882 4019 irae
895 3952 1117 4043 impotentem
1144 3951 1252 4020 solent

152 4076 191 4120 se
214 4055 313 4145 ipsos
328 4064 416 4122 totos
436 4055 470 4122 in
491 4062 615 4121 terram
634 4055 753 4147 digere
774 4064 808 4121 et
828 4054 923 4122 humi
945 4055 1091 4126 volvere.
1140 4055 1250 4143 quue

152 4157 253 4223 etiam
268 4156 410 4225 Eridem
423 4158 543 4226 fecisse
560 4156 628 4224 dici
641 4158 695 4226 vel
707 4166 904 4248 corruptum
919 4157 1001 4225 illud
1016 4153 1103 4231 oo'de'
1114 4183 1155 4230 τε
1172 4179 1249 4224 mo-

151 4282 232 4326 nere
250 4258 416 4349 debebat,
441 4262 560 4349 inquo
581 4260 654 4349 quis
669 4284 736 4328 non
753 4262 863 4329 statim
877 4262 990 4330 videat
1004 4259 1108 4333 οὔδεϊ
1119 4260 1248 4328 latere?

151 4359 339 4433 confimat
349 4364 439 4433 hanc
460 4362 727 4433 emendationem
746 4367 911 4458 scriptura
927 4364 1051 4434 codicis
1067 4362 1154 4430 Mut.
1166 4356 1247 4435 οὐδ’
