2842 4920
368 365 421 428 or
441 363 626 428 uersum
640 365 864 443 vmrvsovu
882 361 932 430 rt.
1140 369 1206 434 aea

95 562 129 628 in
155 559 259 629 Laur.
285 579 316 623 a.
342 550 368 650 η’
392 553 482 644 κᾶν,
508 556 602 647 quod
629 555 733 625 habet
758 556 888 626 Iuntina
910 580 941 626 a.
964 550 1077 626 1547.
1100 556 1204 625 aliae-

96 687 164 753 que
188 661 266 730 edd.
328 658 434 728 Chori
456 670 532 728 sunt
554 661 659 729 verba
681 662 756 744 illa,
788 671 972 753 postquam
995 684 1037 730 ex
1066 660 1204 729 Electra

95 766 275 856 qnaesivit,
308 763 444 849 domine
466 787 509 831 an
532 763 613 832 foris
643 764 684 831 sit
701 765 900 857 Aegisthus,
933 788 1040 855 eaque
1060 788 1204 856 respon-

96 871 144 938 dit
160 869 231 937 rnri
248 891 332 938 esse.
383 867 577 937 Dindorlius
600 867 868 960 interrogationis
891 869 1026 960 signum
1044 867 1097 935 his
1123 891 1203 937 ver-

94 974 145 1041 bis
167 971 345 1064 apposuit,
374 964 399 1067 ἦ
421 958 481 1058 dd,
504 970 597 1061 qnod
616 993 695 1038 raro
716 973 751 1039 in
773 972 1034 1064 interrogatione
1056 967 1210 1064 usurpe-¹

94 1086 166 1164 tur,
196 1077 231 1144 iu
252 1073 486 1165 Aristophanis
508 1075 632 1142 Avium
653 1098 686 1147 v.
705 1074 765 1146 23.
791 1077 835 1144 ab
859 1099 895 1143 se
919 1077 1103 1169 repositum
1128 1099 1204 1144 rue-

93 1203 239 1248 moraus
301 1179 349 1247 At
372 1177 473 1246 valde
496 1178 661 1247 dissimilis
684 1179 770 1247 illins
794 1179 861 1248 loci
880 1181 965 1248 ratio
989 1188 1058 1270 est,
1090 1202 1203 1268 neque

95 1282 187 1376 apud
209 1282 437 1373 Sophoclem,
474 1282 502 1350 si
525 1282 750 1373 interrogaret
776 1281 917 1368 chorus,
948 1283 1088 1374 peritior
1108 1293 1202 1351 recte

94 1385 286 1455 addidisset.
339 1386 419 1453 Non
439 1392 552 1452 tamen
569 1393 626 1453 ant
641 1386 759 1453 vitiosa
783 1394 833 1453 est
854 1385 912 1453 illa
934 1387 1117 1477 scriptura,
1145 1395 1202 1454 aut

92 1491 126 1557 in
146 1496 293 1558 metrum
316 1496 455 1579 peccat,
482 1486 587 1556 modo
606 1489 794 1556 meminerit
817 1488 909 1578 quie,
937 1488 964 1555 si
983 1485 1008 1583 η’
1027 1486 1094 1560 δᾶν
1117 1492 1202 1559 scri-

91 1593 211 1674 batur,
237 1591 275 1658 id
299 1615 374 1659 esse
394 1587 418 1687 ἦ
439 1584 484 1686 δή
501 1588 556 1662 ἄν.
607 1592 683 1658 Erit
704 1590 772 1659 hoc
796 1613 933 1681 quoqne
960 1591 1141 1683 aliquando
1166 1593 1202 1661 in

92 1696 146 1784 iis,
184 1719 290 1786 quae,
323 1695 410 1762 sicut
443 1692 514 1766 τᾶν
536 1715 578 1763 ex
601 1693 662 1767 τοὶ
693 1693 739 1765 ἄν
770 1703 996 1781 contractum,
1035 1697 1140 1764 semel
1165 1696 1201 1764 in

91 1799 203 1868 lucem
219 1808 392 1890 protracta
406 1821 474 1866 non
491 1796 634 1889 amphus
652 1796 902 1869 addubitantur.

194 1985 255 2053 Xl.
297 1984 375 2076 (l.)
417 1983 523 2076 Apud
543 1984 754 2077 Aeschylum
773 1986 808 2053 iu
830 1983 972 2077 Septem
993 1985 1038 2054 ad
1059 1983 1199 2056 Thebas

90 2111 121 2159 r.
136 2081 225 2162 568.
247 2088 353 2179 vulgo
372 2088 513 2179 legitur:

244 2239 343 2316 dcciv
367 2233 553 2315 θελόντων
576 2237 613 2313 δ’
627 2239 674 2314 ἂν
689 2235 940 2339 ἀληθεύσαιμ’
956 2235 1035 2336 iyo'.

89 2397 168 2465 Non
193 2418 235 2463 ex
255 2395 346 2463 omni
363 2402 461 2485 parte
475 2415 593 2461 verum
615 2400 682 2479 est,
708 2393 803 2482 quod
822 2395 1018 2464 Dindorlins
1039 2396 1074 2463 in
1093 2419 1199 2487 prae-

88 2500 216 2567 fatione
243 2498 426 2589 Sophoclis
453 2495 550 2583 dicit,
583 2496 747 2563 librorum
769 2495 859 2563 hanc
887 2521 960 2565 esse
987 2500 1197 2588 scripturam

88 2603 259 2685 Invenitur
282 2625 323 2668 ea
344 2598 483 2690 quidem
497 2600 532 2666 in
550 2597 628 2665 edd.
644 2597 735 2665 Rob.
753 2597 860 2670 Turn.
871 2597 958 2672 Vict.
984 2609 1018 2667 et
1033 2601 1198 2670 Brnuclrii

89 2705 165 2774 cod.
194 2706 237 2776 B.
264 2704 298 2771 in
331 2725 400 2793 quo
431 2701 476 2770 ad
504 2696 541 2782 δ’
559 2724 661 2792 supra
694 2701 856 2792 scriptum
878 2697 925 2774 τ’.
985 2702 1072 2775 cod.
1101 2703 1196 2797 Lips.

88 2805 125 2883 δ’
139 2803 198 2882 αὖ.
253 2808 306 2876 Ac
329 2806 443 2875 nescio
466 2828 511 2872 an
534 2805 628 2895 quod
650 2827 692 2873 ex
712 2804 787 2875 cod
810 2805 915 2874 Paris.
938 2804 1050 2875 2782.
1078 2817 1197 2876 enota-

86 2920 160 2980 tum
182 2918 251 2997 est,
284 2908 330 2982 ἄν
355 2901 665 3004 ἀναληθεύσαιμ’,
696 2930 811 2977 errore
835 2909 960 2978 librarii
985 2934 1028 2980 ex
1055 2911 1196 2980 coniun-

87 3017 148 3083 ctis
174 3014 220 3086 ἄν
245 3022 279 3082 et
306 3008 356 3086 αὖ
380 3011 516 3079 traxerit
534 3011 707 3104 originem.
766 3012 937 3081 Bnrtonus
958 3013 1025 3085 uuir
1047 3036 1089 3082 ex
1109 3014 1194 3083 Ven.
1270 3038 1281 3054 ·

86 3118 206 3203 affert,
242 3138 312 3206 quo
341 3116 397 3183 vel
422 3115 547 3183 codicis
578 3114 766 3206 cuiuspiam
792 3116 892 3184 lectio
920 3117 985 3184 vel·
1004 3116 1197 3186 coniectura

86 3222 148 3289 viri
170 3220 262 3289 docti
289 3219 446 3310 exemplo
467 3219 613 3287 Aldinae
639 3218 809 3310 adscripta
837 3219 1017 3312 significari
1050 3220 1194 3292 videtur.

88 3322 257 3394 Omittunt
279 3318 316 3394 δ’
331 3322 441 3390 codex
463 3320 630 3389 Brunckii
649 3323 691 3390 A.
714 3320 813 3409 Golb.
832 3320 867 3394 2.
892 3322 974 3392 Bar.
995 3321 1030 3391 4.
1083 3323 1195 3392 Guel-

85 3427 305 3518 ferbytanus,
331 3425 601 3517 Vitebergensis,
627 3424 895 3495 vindobonensis
909 3428 951 3495 A.
966 3426 1009 3500 B.
1026 3426 1071 3494 l).
1122 3427 1196 3497 Ve-

85 3540 183 3599 netus
204 3529 427 3615 Bessarionis,
455 3528 557 3597 editio
581 3528 717 3602 Aldina.
770 3530 907 3619 anue,
935 3530 962 3598 si
978 3529 1061 3619 quid
1080 3530 1194 3617 video,

86 3657 167 3703 vera
193 3635 360 3725 scriptura
392 3640 459 3722 est,
488 3631 592 3700 modo
624 3641 717 3700 recte
750 3656 791 3700 ea
822 3642 965 3702 utamur.
1025 3633 1194 3723 Loquitur

85 3736 245 3805 Eteocles
269 3736 313 3804 de
333 3735 506 3828 Sphinge,
532 3758 620 3825 quae
640 3736 749 3804 virum
764 3734 969 3805 Thebanum
992 3736 1065 3804 telis
1083 3736 1193 3806 hosti-

85 3839 173 3908 libus
197 3840 385 3931 expositum
406 3847 522 3907 tenens
543 3841 578 3906 in
599 3849 694 3907 sento
716 3837 966 3932 Parthenopaei
989 3840 1090 3908 affixa
1110 3849 1192 3929 erat,

86 3951 353 4035 auguraturque,
380 3965 464 4032 quos
480 3940 654 4019 Thebanis
673 3944 757 4010 ictus
773 3943 888 4035 imago
902 3945 966 4012 ista
985 3943 1194 4034 portendere

85 4046 255 4133 videatur,
280 4047 314 4114 in
336 4046 466 4138 ipsum,
494 4047 551 4134 qni
572 4069 648 4115 eam
668 4054 795 4139 gestet,
823 4069 1021 4116 conversum
1040 4047 1089 4115 iri.
1149 4047 1192 4116 Id

83 4149 189 4241 igitur
216 4150 398 4218 rectissime
430 4148 532 4217 faciet
565 4158 666 4239 atque
695 4150 884 4242 aptissime,
922 4151 1192 4244 interpunctione
1276 4188 1277 4192 =

84 4261 232 4343 mutata,
258 4253 468 4345 appictoque
490 4252 625 4346 spiritu:
