2842 4920
282 373 433 438 suerum
457 361 609 433 resurr
624 371 776 473 orsurr
795 375 855 438 ιε.
875 375 1117 437 ruscflrevu.
1189 378 1255 442 suu

152 577 278 639 certum
304 573 427 652 sutem,
449 560 686 656 reponendum
706 586 780 632 esse
795 561 1037 662 πημοσύναις,
1063 590 1133 658 quo
1148 590 1253 635 vom.

149 675 230 743 bulo
250 673 285 741 iu
308 669 430 739 eudem
451 669 509 737 illo
535 666 653 735 tabula
680 666 871 759 Aeschylus
892 693 924 739 v.
948 668 1059 739 1057.
1087 680 1138 739 est
1162 694 1251 740 usus.

149 777 221 849 Sed
235 775 345 846 nullus
358 773 528 844 editorum
544 769 634 839 vidit

171 1389 197 1458 h
255 1286 295 1355 lu
317 1285 461 1379 Septem
485 1286 531 1355 ed
550 1286 692 1356 'l'bebas
711 1309 743 1355 v.
766 1283 852 1358 229.
887 1284 1046 1354 Eteocles
1068 1282 1155 1372 haee
1176 1284 1258 1352 dicit

153 1415 171 1457 c
197 1411 281 1461 oro.

254 1536 309 1641 μή
330 1569 398 1636 μοι
424 1535 536 1623 θεοος
560 1539 719 1614 καλοῦσα
718 1534 926 1668 βουλεύου
951 1538 1080 1621 nunde·

256 1643 459 1770 πειθαρχία
484 1637 554 1767 χείρ
582 1648 659 1717 ἐστι
686 1642 750 1739 τῆς
765 1639 980 1771 εὐπραξίας

257 1742 399 1845 μήτηρ,
425 1741 517 1845 roro*
542 1746 721 1844 σωτῆρος·
752 1740 858 1819 σθ’
836 1773 911 1837 εχει
936 1737 1050 1838 λόγος.

154 1901 404 1973 Absurdissime
432 1899 659 1970 obedientiam
681 1921 822 1968 uxorem
841 1897 908 1966 dici
931 1898 1046 1969 solutis
1068 1916 1171 1965 nemo
1192 1919 1261 1966 uon

154 2005 332 2092 fatebitur,
356 2004 437 2073 lieet
461 2002 648 2072 scholiustis
667 2002 704 2071 id
729 2003 893 2071 subtiliter
921 2025 963 2069 uo
983 2009 1122 2071 venuste
1141 2000 1277 2085 iuven-⁴.

155 2120 228 2179 tum
252 2131 328 2178 esse
362 2106 524 2176 videatur.
582 2106 829 2177 §occurrerunt
858 2105 979 2194 critici,
1021 2098 1130 2198 χιίναι
1154 2104 1262 2173 corri-

156 2219 294 2307 gentes,
326 2233 439 2301 oeque
465 2209 585 2280 codiee
610 2211 681 2280 ullo
707 2208 935 2303 suffragante,
967 2219 1020 2294 et,
1045 2207 1073 2277 si
1097 2206 1263 2277 uttoudis-

157 2325 250 2404 sent,
274 2315 353 2387 sutis
377 2315 501 2407 inepte
553 2315 726 2401 Quorsum
748 2314 838 2383 euim
858 2314 925 2383 isto
950 2311 1090 2407 quidem
1107 2320 1177 2380 tam
1197 2313 1264 2380 im-

156 2428 305 2541 portuno
320 2418 399 2487 loeo
416 2417 558 2487 chorum
578 2419 731 2510 appellet
754 2417 842 2485 rex?
891 2416 960 2484 Hie
981 2436 1119 2506 quoque
1134 2415 1208 2506 ipsa
1227 2438 1264 2481 se

159 2546 255 2614 quusi
243 2522 378 2591 oeulis
398 2521 567 2590 offerebat
582 2519 789 2649 ειιιειιιλτίίο.

263 2675 465 2799 πειθαρχία
491 2665 561 2771 χοίρ
588 2699 667 2747 εστι
688 2669 753 2769 τῆς
775 2666 966 2798 εὐπραξίας

262 2771 405 2879 μήτηρ,
432 2804 539 2881 ηοιης
559 2775 737 2875 σωτῆρος
768 2768 881 2848 wo».
860 2801 934 2866 εχει
959 2765 1073 2866 λόχοι

161 2931 236 3004 Sed
260 2931 369 3001 nullus
396 2931 564 3005 editorum
588 2929 683 3002 vidit.

268 3441 383 3510 Multo
424 3442 652 3519 incredibilius
684 3453 755 3528 est,
801 3449 974 3532 repertam
1007 3460 1123 3508 verum
1159 3438 1269 3506 ratio-

167 3570 245 3616 uem
278 3547 483 3614 intellectam
516 3569 586 3614 uon
611 3568 700 3614 esse.
761 3544 803 3612 ld
837 3543 959 3612 accidit
990 3542 1023 3610 in
1048 3540 1176 3627 Persis,
1211 3541 1269 3608 ubi

167 3659 351 3745 postquam
380 3648 503 3719 chorus
530 3649 659 3739 aliquot
684 3647 808 3734 duces,
842 3671 926 3737 quos
949 3644 1173 3730 desideraret,
1205 3666 1270 3711 no·-

167 3753 412 3839 uomiuaverot,
445 3776 476 3821 v.
505 3750 617 3820 1006.
652 3751 739 3820 haec
771 3749 883 3819 addit:
920 3773 998 3819 uum
1022 3769 1204 3840 personas,
1236 3748 1271 3814 in

168 3857 260 3925 libris
285 3857 374 3924 male
391 3856 578 3939 distinctas,
605 3853 920 3948 antistrophieorum
936 3851 1186 3949 computatione
1209 3849 1272 3918 ud-

170 3960 263 4030 duoti
287 3959 507 4030 emendarunt
532 3958 695 4029 editores.

273 4115 435 4208 ἔταφον,
465 4113 622 4207 ἔταροι,
650 4138 716 4184 σοι
741 4106 853 4240 α’μρί
865 4112 1056 4231 σκηναῖς

273 4210 574 4314 τροχηλάτοισιν,
601 4209 853 4288 ὄπισθειιδ’ε
835 4204 1019 4304 επόμειοι.
1115 4208 1119 4219 ’

171 4369 432 4455 valelemus,
464 4369 522 4459 qul
548 4366 637 4438 haee
656 4366 777 4437 Xerxis
800 4363 905 4436 verbu
929 4387 1002 4434 esse
1023 4367 1175 4456 putaret,
1207 4380 1274 4426 nou
