2842 4920
537 346 624 409 LIB.
644 346 682 408 ll.
728 345 828 412 CAP.
854 351 885 412 1.
1224 354 1266 416 tt

156 540 195 608 At
214 547 273 604 aut
291 545 433 625 uterque
454 535 574 605 modus
592 560 657 628 per
677 559 714 604 se
734 537 821 604 solus
843 536 980 628 plenam
1002 537 1108 607 eflicit
1128 549 1263 609 seuten-

156 643 248 728 tiam,
275 662 381 730 quum
394 663 462 707 non
483 640 590 708 minus
608 643 739 732 ἴωμεν,
767 663 873 729 quum
895 636 1081 739 εὐτυχοιήν
1100 642 1171 711 sine
1194 645 1264 712 ullo
1287 666 1289 671 ¹

155 746 213 811 alio
229 744 339 810 verbo
356 743 504 828 dicatur,
531 752 589 810 aut
611 752 739 815 neuter.
793 743 875 811 Vtra
894 745 1006 812 verior
1022 745 1107 812 ratio
1122 747 1181 834 sit,
1207 747 1264 814 hic

154 847 231 915 nihil
253 848 374 914 attinet
394 848 519 935 quaeri.
572 846 660 915 Satis
679 856 730 914 est
749 847 958 934 meminisse,
985 857 1165 938 utrumque
1185 872 1262 918 mo-

154 951 232 1017 dum
249 972 324 1017 esse
348 951 606 1041 assumptivum,
633 949 694 1017 sed
715 949 822 1018 altero
841 952 988 1044 cogitata
1005 953 1105 1038 sumi,
1133 954 1190 1041 qui
1213 963 1264 1022 est

153 1055 338 1145 optativus3
366 1053 471 1120 altero
489 1053 588 1140 lacta,
616 1076 718 1141 quem
733 1052 978 1128 coniunctivum
994 1077 1163 1123 vocamus.
1197 1057 1263 1124 Ao

153 1157 270 1246 quein
294 1156 448 1247 cogitatis
476 1179 545 1223 non
572 1156 760 1244 quaerimus
784 1158 979 1225 eveniantne
1001 1180 1045 1224 an
1065 1182 1151 1245 non,
1185 1161 1264 1248 quia

154 1262 273 1327 scimus
288 1260 324 1326 in
342 1259 413 1326 sola
431 1260 633 1350 cogitatione
648 1260 792 1344 versari3
819 1283 908 1349 quae
925 1269 1037 1329 autem
1051 1270 1087 1328 ut
1101 1261 1192 1329 facta
1208 1285 1262 1330 su-

153 1365 291 1448 mimus,
327 1362 550 1452 experientiae
580 1362 858 1453 comprobatione
880 1364 1049 1457 indigent,
1083 1376 1120 1432 ut
1140 1388 1264 1434 verene

154 1489 192 1534 an
204 1466 295 1533 falso
308 1476 442 1555 sumpta
456 1465 579 1532 fuerint
592 1475 763 1557 appareat.

251 1568 508 1637 Declarabimus
522 1568 608 1636 haec
623 1569 795 1660 exemplis.
843 1572 896 1643 Ei
910 1570 1072 1662 ἐγένετο,
1099 1573 1135 1642 εἰ
1146 1568 1263 1663 γίγνε-

155 1700 231 1754 ται,
260 1674 297 1743 εἰ
314 1664 504 1768 γενήσεται
523 1672 567 1740 ad
583 1696 624 1740 ea
640 1673 846 1759 referuntur,
873 1695 961 1761 quae
975 1696 1055 1741 vere
1071 1684 1263 1759 evenerunt,

153 1777 318 1862 eveniunt,
345 1785 503 1843 eventura
518 1784 603 1844 sunt.
656 1779 710 1848 Ei
722 1776 871 1871 γένηται
889 1799 969 1843 vero
983 1784 1034 1844 est
1046 1776 1080 1846 ai
1094 1777 1262 1866 evenerit,

153 1878 253 1968 idque
271 1877 315 1945 de
336 1901 377 1945 eo
397 1878 534 1966 dicitur,
561 1879 655 1968 quod
669 1878 855 1947 videbimus
873 1888 985 1946 utrum
1006 1880 1152 1967 eveniat,
1178 1903 1262 1947 nec-

153 2005 209 2063 ne;
236 1983 273 2053 ai
290 1982 434 2072 γένοιτο
457 1991 586 2070 autern,
613 1982 646 2051 ai
671 1983 830 2063 eveniat,
857 1982 952 2072 quod
971 1993 1083 2066 mente
1105 1984 1262 2074 fingimus

154 2085 303 2167 evenire,
330 2084 399 2152 sive
420 2087 545 2178 possit,
572 2086 641 2153 sive
666 2095 821 2175 nequeat
873 2086 1042 2176 Apertum
1064 2096 1130 2172 est,
1155 2086 1190 2153 in
1209 2087 1262 2153 in-

154 2187 294 2255 dicativo
315 2189 489 2256 veritatem
510 2189 591 2256 facti
615 2198 652 2257 ut
673 2189 883 2281 exploratam
900 2188 1042 2279 respici3
1067 2189 1103 2257 in
1123 2189 1263 2258 coniun-

154 2291 237 2358 ctivo
264 2312 338 2358 rem
359 2293 444 2358 sumi
470 2293 676 2382 experientia
700 2292 1009 2384 comprobandam3
1048 2291 1084 2360 in
1111 2293 1262 2383 optativo

153 2394 295 2462 veritatis
311 2395 475 2463 rationem
490 2395 608 2462 haberi
621 2396 757 2480 nullam,
784 2396 845 2464 sed
862 2396 1099 2489 cogitationem
1113 2404 1264 2464 tantum-

153 2497 254 2564 modo
271 2497 424 2565 indican‘:
451 2507 487 2565 ut
507 2500 534 2566 si
555 2498 675 2566 eadem
693 2499 876 2567 distinctius
898 2499 979 2566 velis
993 2507 1094 2588 atque
1111 2499 1263 2590 explica·

153 2601 211 2667 tius
220 2600 345 2682 dicere,
361 2600 599 2670 haechabeas:
612 2601 842 2688 inindicativo,
859 2611 925 2671 aut
939 2609 1004 2688 est,
1019 2610 1169 2672 autnon
1188 2610 1263 2670 est:

153 2705 217 2771 sed
240 2704 381 2781 nescio,
417 2704 483 2787 sit,
516 2728 646 2787 necne,·
678 2707 712 2772 in
738 2706 965 2790 coniunctivo,
999 2713 1066 2774 aut
1088 2715 1162 2793 est,
1198 2714 1264 2775 aut

152 2829 220 2874 non
234 2816 311 2888 est3
335 2807 404 2874 sed
419 2809 644 2900 experientia
671 2808 833 2896 docebit,
859 2809 924 2900 sit,
950 2831 1080 2891 necne3
1104 2809 1138 2876 in
1161 2816 1264 2900 opta-

152 2910 275 2993 tativo,
304 2920 439 2980 anteat
455 2921 520 2980 aut
534 2935 606 2981 non
620 2921 693 2981 est:
717 2914 784 2981 aed
799 2935 901 2981 aomo
918 2935 1015 3002 esse,
1036 2912 1265 2983 etiamsinon

152 3012 209 3081 eit.
262 3013 336 3080 lam
355 3013 382 3081 si
404 3015 536 3103 quaeris
553 3014 636 3105 quid
655 3014 692 3081 hi
713 3015 805 3082 modi
823 3015 1029 3107 significent,
1056 3037 1162 3104 quum
1185 3037 1264 3082 ver-

151 3117 231 3183 bum
264 3116 391 3185 nudum
413 3120 566 3209 ponitur,
599 3117 636 3185 id
656 3118 718 3184 etsi
737 3118 859 3184 Latina
880 3118 995 3208 lingua
1019 3139 1086 3183 non
1109 3117 1171 3183 nisi
1200 3139 1265 3206 per

151 3219 314 3312 ambages
334 3222 492 3312 explicari
509 3231 639 3312 potest,
667 3221 760 3310 quod
777 3220 834 3309 qui
852 3219 951 3288 huius
966 3220 1101 3311 linguae
1121 3219 1263 3285 coniun-

151 3323 256 3390 ctivus
273 3333 431 3406 vocatur,
457 3347 596 3393 revera
618 3325 785 3415 optativus
806 3333 874 3407 est,
899 3323 963 3390 sed
983 3323 1039 3390 ille
1061 3321 1159 3389 simul
1179 3345 1263 3390 con-

150 3425 284 3493 iunctivi
308 3427 424 3494 officio
445 3428 609 3520 fungens:
642 3437 755 3495 tamen
781 3426 974 3495 huiusmodi
1005 3449 1078 3494 esse
1102 3434 1262 3517 apparet:

149 3528 313 3621 γίγνεται
341 3540 394 3599 est
403 3529 480 3627 fit,
508 3531 551 3599 de
574 3554 637 3614 eo,
664 3529 758 3620 quod
781 3533 821 3598 lit
846 3554 944 3599 vere:
969 3527 1153 3626 γίγνηται,
1167 3527 1265 3622 fieri

150 3626 385 3724 reperiatur,
412 3633 456 3702 de
477 3657 535 3721 eo,
563 3632 657 3723 quod
677 3657 752 3703 esse
766 3633 972 3724 experientia
986 3632 1265 3723 cognoscendum

122 3734 207 3816 'sit3
234 3733 417 3826 γίγνοιτο,
439 3735 544 3833 fiat,
577 3736 741 3830 opinione
763 3737 982 3830 cuiuspiam,
1016 3733 1059 3802 de
1084 3757 1143 3818 eo,
1169 3732 1264 3822 quod

148 3838 223 3905 fieri
242 3838 316 3926 quis
336 3840 480 3931 cogitet,
508 3841 578 3908 sive
593 3842 671 3923 liat,
693 3842 762 3909 sive
778 3863 848 3907 non
867 3841 949 3922 fiat„
990 3840 1109 3927 Itaque
1132 3837 1263 3905 indica-

148 3938 235 4008 tivus
251 3949 303 4009 est
319 3942 466 4029 scientis,
491 3945 710 4035 persuasique
727 3943 771 4011 de
787 3943 926 4011 veritate
941 3942 1008 4024 rei3
1036 3942 1263 4010 coniunctivus

149 4042 278 4112 debere
300 4045 382 4133 quid
408 4046 482 4115 lieri
506 4047 739 4140 intelligentiS‚
772 4068 812 4112 ac
831 4055 1017 4137 propterea
1039 4046 1263 4135 exspectantis

149 4147 232 4235 quid
259 4148 409 4232 eveniat3
442 4151 610 4242 optativus
637 4148 813 4244 cogitantis
838 4149 921 4238 quid
947 4150 1041 4233 fieri,
1071 4147 1131 4216 sed
1151 4171 1263 4237 neque

148 4272 192 4316 an
206 4251 286 4331 liat,
312 4274 424 4341 neque
443 4277 487 4320 an
507 4255 615 4347 possit
631 4254 705 4322 lieri
719 4253 919 4342 quaerentis.
972 4251 1027 4320 Ex
1051 4250 1103 4319 his
1123 4251 1265 4342 intelligi

148 4362 286 4443 potest,
321 4356 380 4444 qui
398 4357 527 4426 factum
550 4358 608 4442 sit,
632 4365 678 4455 ¹ut
698 4356 926 4426 coniunctivus
952 4352 1065 4446 atque
1082 4354 1261 4445 optativus,
