2842 4920
428 365 907 431 olssuarlulo.
1158 375 1223 440 2ἴῦ

113 562 179 628 ista
194 559 314 650 opinio
327 558 452 626 debeat
467 557 642 626 efficiatur.
695 557 812 644 Quare
832 580 898 626 non
916 559 998 628 libet
1018 559 1072 628 his
1098 562 1222 631 immo-

114 663 192 732 rari.
246 663 432 754 Regiones,
458 684 543 751 quas
558 661 749 751 Aeschylus
767 672 949 747 memorat,
975 668 1144 734 communi
1158 690 1221 734 an-

114 767 278 856 tiquitatis
299 766 457 857 opinione
482 765 526 832 ad
550 767 824 855 septemtrionem
848 775 882 833 et
901 766 1112 835 occidentem
1138 771 1220 838 sitae

115 878 230 939 erantz
257 890 313 936 eos
328 866 502 959 Aeschylo
518 869 553 935 in
566 869 728 936 orientem
744 890 851 958 usqne
867 868 913 937 ad
925 869 1071 959 Libyam
1085 874 1221 941 extendi

114 975 203 1042 visas
218 995 291 1040 csse
315 973 343 1040 si
365 974 438 1060 quis
458 972 622 1039 eiusmodi
643 973 848 1064 argumentis
875 973 1071 1056 ostenderit,
1098 976 1220 1064 quibos

114 1076 308 1169 permoveri
332 1077 461 1167 possint
481 1076 521 1160 ii,
548 1076 605 1164 qni
625 1098 688 1142 neo
710 1077 844 1144 levitate
863 1099 904 1143 eo
928 1085 1005 1143 sunt
1024 1086 1061 1144 nt
1073 1079 1222 1146 incredi-

114 1181 197 1246 bilia
219 1178 376 1262 oredant,
402 1202 467 1246 neo
484 1180 671 1246 temeritate
687 1188 780 1246 tanta
794 1191 832 1246 ut
854 1202 943 1269 qnae
962 1180 1035 1247 lieri
1051 1193 1221 1270 nequeunt

114 1284 191 1350 lieri
211 1282 331 1362 velint,
356 1282 384 1349 is
407 1281 545 1349 demum
565 1282 699 1367 vicerit,
721 1283 785 1349 iter
802 1283 967 1349 illudnon
985 1305 1141 1374 peroras
1158 1286 1220 1354 sub

115 1385 285 1476 Aquilone
299 1395 333 1452 et
347 1408 472 1453 occaso
492 1387 569 1453 solis
582 1386 727 1452 iacentes
739 1386 773 1451 in
790 1387 1006 1477 Aethiopiam
1024 1397 1126 1476 atque
1141 1388 1220 1456 hinc

114 1489 150 1556 in
173 1488 320 1578 Libyam
349 1487 492 1557 deflecti.
544 1488 585 1555 ld
612 1489 714 1580 igitur
739 1487 947 1556 demonstret
972 1486 1128 1579 oportet,
1163 1493 1221 1581 qui

99 1591 315 1683 ofragmentis
332 1592 414 1678 illis,
441 1592 485 1659 de
499 1593 622 1681 quibus
636 1613 716 1657 mox
733 1591 878 1677 dicetur,
905 1615 973 1659 non
988 1592 1101 1660 locum
1118 1595 1220 1662 fuisse

112 1696 150 1762 in
164 1695 287 1764 Viucto
301 1695 506 1764 Prometheo
520 1696 611 1763 volet
618 1693 806 1765 ostendere.
831 1695 976 1763 Accedit
990 1694 1093 1783 quod,
1115 1719 1219 1786 quum
1333 1710 1335 1715 '

108 1798 199 1866 Attii
220 1798 461 1883 Prometheus,
488 1810 525 1866 ut
547 1820 650 1889 supra
671 1797 814 1883 dictum,
840 1819 909 1865 non
935 1820 976 1866 ex
997 1799 1118 1866 Soluto
1132 1801 1220 1868 Pro-

113 1899 252 1969 metheo
276 1925 454 1993 expressus
470 1902 588 1988 fuerit,
622 1900 704 1986 sed,
738 1901 896 1989 quoniam
920 1900 1130 1991 Aeschylum
1154 1902 1215 1970 ad-

113 2005 298 2072 mirabatur
319 2007 441 2093 Attius,
466 2027 509 2073 ex
524 2006 645 2072 Vinoto
660 2002 812 2094 sumptus
829 2005 992 2090 videatur,
1017 2007 1133 2073 versus
1151 2008 1218 2091 ille,

114 2109 173 2198 qui
189 2108 277 2176 solos
293 2131 335 2175 ex
351 2132 392 2176 ea
412 2107 589 2200 tragoedia
604 2116 774 2198 superest,
801 2107 940 2175 mirifice
956 2129 1033 2176 cum
1047 2109 1109 2175 illis
1126 2109 1220 2201 apud

115 2210 284 2279 Galenum
298 2211 492 2304 fragmentis
507 2211 687 2303 conspirat.
739 2209 802 2277 Est
818 2219 929 2278 autem
942 2211 1010 2293 hic,
1036 2211 1130 2302 apud
1143 2214 1219 2280 No-

113 2315 205 2382 nium
224 2336 254 2381 v.
271 2314 380 2408 gelus
401 2338 437 2407 p.
459 2313 552 2401 2⁰8,
579 2314 613 2381 l.
641 2322 675 2381 et
693 2313 899 2383 Prisciaoum
924 2316 981 2382 Vl.
998 2338 1034 2403 p.
1056 2311 1142 2384 685.
1161 2317 1219 2404 qui

115 2426 192 2487 tum
205 2418 342 2487 omittit:

281 2546 357 2641 tom
365 2566 716 2664 profususflomine
732 2565 883 2636 hiberno
899 2568 1018 2659 gelos.

114 2727 181 2793 Vix
194 2726 283 2794 enim
298 2725 531 2817 credipotest,
556 2724 624 2791 hoc
639 2724 768 2792 Attium
782 2721 935 2812 posuisse
948 2740 1014 2811 pro
1028 2722 1138 2790 verbis
1151 2745 1217 2813 pa-

114 2852 189 2897 rom
207 2829 377 2917 similibus,
402 2850 491 2916 qnae
507 2827 601 2918 apud
617 2827 826 2918 Aeschylum
839 2833 915 2893 suot
929 2845 960 2894 r.
978 2822 1037 2892 lt.
1052 2835 1110 2892 aut
1127 2824 1215 2898 992.

218 2931 290 3000 Sed
315 2930 495 3000 dicendum
516 2942 568 2999 est
588 2932 688 2997 etiam
715 2929 761 2997 dc
780 2930 886 2995 altera
906 2928 1076 2999 sententia
1128 2930 1217 2996 Nam

114 3058 220 3127 quom
238 3036 362 3104 Strabo
383 3058 425 3103 eo
448 3035 544 3117 loco,
571 3055 640 3121 quo
660 3054 798 3124 pugnae
813 3029 969 3098 Herculis
986 3052 1064 3097 cum
1079 3030 1216 3121 Liguri-

114 3140 178 3207 bus
195 3161 237 3207 ex
249 3138 422 3229 Aeschylo
441 3137 645 3205 mentionem
658 3136 756 3224 facit,
782 3141 898 3201 ventos
918 3131 1215 3224 impetnosissimos

116 3252 363 3310 commemoret
381 3242 439 3331 qui
458 3263 534 3310 eam
559 3239 734 3332 regionem
755 3237 917 3328 perflant,
952 3234 1216 3324 eorumdemque

115 3354 292 3414 ventorum
307 3346 356 3412 vis
371 3345 406 3411 in
418 3344 613 3436 fragmentis
628 3344 690 3410 illis
705 3341 797 3434 apud
812 3334 981 3408 Galerium
998 3338 1217 3424 describatur,

115 3448 289 3539 fatendum
307 3457 356 3515 est
368 3458 437 3515 tam
453 3449 540 3515 bene
558 3447 644 3514 haec
660 3466 870 3536 congruere,
897 3451 935 3509 ot
948 3443 1082 3510 minime
1102 3442 1217 3535 inepta
1292 3481 1295 3487 ·

116 3551 158 3620 sit
172 3553 364 3620 coniectura
380 3573 515 3633 eornm,
542 3551 599 3640 qni
613 3551 803 3640 fragmenta
821 3547 883 3614 ista
897 3545 942 3612 ad
958 3546 1114 3613 Solutum
1129 3547 1216 3613 Pro-

115 3655 287 3723 metheum
303 3648 481 3722 referenda
491 3663 699 3724 censuemnt.
725 3650 880 3717 Manebit
896 3649 998 3741 igitur
1008 3648 1215 3738 ambiguum,

116 3780 157 3824 ex
171 3768 246 3824 utra
259 3760 323 3825 sint
338 3758 453 3824 fabola
475 3758 598 3849 petita,
626 3755 734 3823 donec
752 3763 809 3820 aut
824 3752 914 3819 aliud
931 3759 1103 3841 repertum
1117 3749 1216 3818 fuerit

114 3862 359 3941 testimonium,
392 3869 449 3928 aut
479 3859 673 3926 ostendatur
695 3881 715 3925 a
736 3856 856 3924 Vincto
884 3877 956 3921 esse
981 3852 1214 3933 abiudicanda.

116 3963 187 4032 Sed
202 3965 310 4031 volo
301 3985 368 4030 ram
384 3963 458 4054 ipsa
474 3962 615 4046 afferre,
641 3971 822 4052 postquam
840 3957 1049 4086 adscripsero
1067 3979 1154 4044 quae
1171 3957 1215 4026 de

113 4067 219 4134 ventis
233 4067 295 4134 illis
310 4066 485 4158 Strabop
499 4064 584 4133 182
610 4065 729 4132 refert.
757 4058 881 4135 ἅπασα
898 4059 967 4151 μὲν
983 4054 1085 4154 orlaa
1099 4057 1211 4154 ὑπερ-

107 4172 259 4266 Διιιιμέιη
281 4161 379 4262 χώρα
404 4160 622 4290 προςήνεμός
645 4171 743 4251 ἐστι,
773 4155 1077 4257 διαφερόντωςδ
1101 4164 1149 4240 εἰς
1170 4156 1215 4233 ao*
1241 4163 1242 4168 ’

114 4271 240 4344 πεδίον
263 4270 375 4342 τοῦτο
401 4264 672 4364 μιλαμβόρεισν
694 4265 893 4357 καταιγίζιι
916 4264 1059 4353 πνεῦμα
1091 4263 1214 4354 βίαιον

114 4380 173 4463 ιιάι
165 4373 377 4467 ’.φρικῶδες
406 4373 495 4468 φασὶ
508 4372 596 4464 γοῦν
612 4365 789 4468 σύρεσθαι
806 4396 864 4440 και
857 4366 1127 4440 κυλινδεῖσθαι
1142 4365 1215 4435 τῶν

735 4486 1007 4575 „s*
