2842 4920
165 372 210 437 Μ
517 366 575 429 DE
601 366 877 432 Paurlcvua
898 316 975 434 dv·

167 558 354 645 sidebeas,
381 557 443 627 sed
460 556 641 643 debeasoe‚
667 559 811 648 qnaeris.
863 559 982 648 ltaque
1004 559 1172 651 particula
1194 582 1280 630 con·

166 662 333 734 ditionalis
351 661 396 734 oin
411 664 529 753 abesse
547 662 659 752 debet.
691 663 826 731 Eadem
842 663 877 732 in
888 663 1100 731 adhortando
1115 664 1201 732 ratio
1215 675 1278 740 est.

270 766 376 854 Quod
390 766 495 836 sicubi
509 765 702 834 huiusmodi
720 768 936 835 coniunctivis
950 767 1102 835 additum
1115 769 1295 837 invenitur.

166 871 213 947 ἄν
219 927 232 962 ,
260 880 318 939 ant
332 870 377 938 ad
391 872 491 938 aliam
505 893 626 938 vocem
647 871 813 960 pertinet,
839 883 877 938 ut
892 870 937 937 ad
950 871 1167 962 participium
1183 872 1280 964 opud

165 974 558 1046 Pseudodemostheuem
579 974 614 1041 in
638 973 778 1041 Erotico
800 997 836 1066 p.
862 973 976 1061 14⁰4,
998 973 1058 1042 14.
1084 970 1114 1069 qi
1136 972 1211 1047 τίν’
1231 974 1279 1048 ἄν

165 1072 428 1176 ἁρμόττουσαν
445 1070 566 1150 εἰκόνα
585 1077 711 1168 ἐνέγκω
731 1077 872 1150 σκσπων
895 1073 961 1167 οὐχ
976 1073 1070 1171 doni,-
1090 1078 1146 1146 vel
1161 1077 1206 1146 ad
1223 1079 1281 1146 in-

163 1183 328 1252 finitivum
350 1189 387 1249 nt
416 1180 509 1272 apud
530 1181 707 1247 Platonem
727 1178 771 1248 de
792 1180 907 1273 Legg.
928 1181 971 1252 ll.
992 1205 1029 1273 p.
1053 1176 1142 1253 655.
1164 1179 1204 1253 0.
1239 1180 1279 1255 σι’

164 1280 253 1359 ποτ’
268 1283 314 1357 ἄν
330 1279 394 1356 οὖν
407 1286 565 1377 λέγωμεν
575 1275 622 1355 nd
634 1278 855 1382 πεπλανηνός
869 1283 963 1381 ἡμᾶς
977 1279 1092 1367 sinon·
1109 1292 1167 1352 aut
1179 1308 1277 1353 men-

164 1389 247 1458 dum
262 1387 412 1473 subest,
444 1394 482 1455 ut
503 1387 538 1454 in
557 1385 694 1455 Critone
720 1388 872 1456 Platonis
894 1412 931 1480 p.
952 1381 1013 1459 50.
1032 1386 1071 1457 G.
1095 1411 1198 1479 quem
1221 1389 1272 1456 lo·

164 1515 243 1561 cum
265 1489 432 1559 Matthiae
448 1486 484 1586 §.
507 1486 594 1557 516.
617 1489 735 1568 affert,
762 1488 804 1564 ni
826 1486 892 1564 oris
911 1490 958 1563 oin
977 1493 1124 1564 εἴπωσιν
1148 1497 1185 1564 οἱ
1207 1484 1276 1565 νό-

161 1618 247 1691 poc:
271 1594 406 1687 pridem
428 1595 516 1663 enim
530 1604 623 1663 recte
639 1594 767 1662 editum
784 1604 875 1675 erat,
901 1596 940 1667 τί
953 1589 1036 1679 οὖν,
1063 1593 1110 1668 ἄν
1126 1595 1276 1668 εἴπωσιν

162 1704 201 1774 οἱ
214 1691 346 1790 seinos:
375 1699 465 1792 qnid
483 1720 590 1785 vero,
615 1697 650 1768 si
667 1699 770 1792 leges
792 1694 950 1767 dicant?
982 1699 1037 1767 vel
1059 1699 1093 1766 in
1115 1697 1275 1767 Phaedro

161 1826 195 1897 p.
212 1800 298 1872 231.
313 1802 356 1870 D.
375 1810 409 1869 et
424 1803 460 1870 iu
483 1800 629 1870 Philebo
645 1824 680 1892 p.
699 1797 759 1867 15.
784 1800 824 1872 C.
848 1803 907 1891 qui
922 1802 989 1869 loci
1005 1825 1096 1869 nunc
1113 1824 1154 1870 ex
1172 1799 1274 1873 codd.

160 1905 303 1989 correcti
317 1913 410 1988 sunt3
436 1904 491 1973 vel
504 1901 598 1997 apud
615 1903 819 1973 Strabonem
835 1929 869 1997 p.
885 1902 972 1972 679.
990 1903 1044 1972 ed.
1070 1904 1148 1977 Cas.
1167 1903 1273 1994 (991.

35 2006 39 2013 ’
161 2008 202 2080 G.
219 2010 311 2079 nnn.
328 2009 372 2076 T.
387 2006 429 2080 V.
446 2033 480 2100 p.
500 2005 587 2077 726.
602 2007 814 2098 Taschuck.)
842 2005 914 2079 τίν’
928 2007 974 2078 oin
994 2001 1132 2100 λάβωσι
1147 2002 1252 2090 τάξιν
1262 2033 1276 2090 3

158 2113 218 2180 ubi
233 2135 276 2180 ex
297 2110 475 2179 Schaeferi
496 2110 656 2178 sententia
673 2109 718 2175 ad
733 2110 843 2200 Soph.
863 2108 953 2179 Oed.
975 2109 1176 2178 0011418.
1196 2133 1275 2178 cum

160 2214 263 2283 codd
279 2212 481 2304 quibusdam
502 2211 547 2283 oin
563 2211 756 2280 delendum.
809 2212 906 2279 ldem
920 2212 1126 2280 Schaeferus
1141 2214 1176 2280 in
1191 2213 1275 2282 Me-

158 2319 216 2386 let.
240 2340 287 2384 cr.
305 2340 344 2408 p.
370 2313 430 2386 98.
453 2339 479 2383 s.
504 2316 577 2382 iure
597 2316 770 2406 improbat
787 2314 953 2409 Stephani
972 2315 1153 2383 lectionem
1179 2317 1276 2410 apnd

158 2418 369 2514 Sophoclem
384 2420 417 2487 in
432 2417 560 2487 Trach.
576 2417 663 2491 949.

261 2565 401 2672 πότερα
414 2566 571 2672 πρότερ’
589 2570 634 2645 ἄν
654 2572 848 2654 insoniam

158 2728 304 2799 Gravia
321 2726 438 2796 vitium
461 2727 544 2795 latet
560 2726 654 2817 apud
676 2726 855 2795 Platonem
874 2725 908 2793 in
922 2725 1114 2817 Protagora
1131 2750 1167 2818 p.
1185 2725 1271 2799 319.

156 2833 199 2902 Β.
218 2831 277 2901 ubi
292 2830 495 2899 conveniunt
514 2828 590 2898 libri
604 2852 720 2898 omnes
738 2831 772 2898 in
795 2830 861 2897 hac
877 2829 1061 2921 scripturas
1088 2830 1145 2902 σσὶ
1161 2832 1200 2904 δὲ
1213 2831 1271 2904 λι(-

155 2963 261 3032 γσντι
277 2929 342 3007 oris
359 2935 426 3024 ἔχω
450 2932 544 3014 ὅπως
559 2931 605 3005 ἄν
619 2928 771 3008 duranni.
823 2935 946 3023 Neque
970 2934 1059 3001 enim
1085 2933 1271 3024 quidquam

155 3041 333 3133 proficias,
360 3037 387 3105 si
404 3060 481 3104 cnm
493 3035 695 3105 Heindorfio
709 3046 766 3105 aut
781 3037 886 3104 deleri
900 3036 945 3108 σῖν
961 3037 1097 3121 iubeas,
1125 3046 1182 3104 aut
1196 3061 1269 3106 ser·
1339 3058 1343 3071 ·

155 3153 234 3214 vato
255 3165 402 3235 reponas
431 3141 638 3233 optativum,
673 3141 752 3231 quia
775 3162 863 3230 qnae
885 3141 1096 3232 praecedunt
1113 3164 1269 3231 quaeque

156 3255 340 3338 sequuntur
363 3244 564 3313 contrariam
582 3244 757 3333 requirunt
776 3245 992 3312 sententiam:
1026 3253 1063 3312 ut
1092 3246 1267 3336 corrigen·

155 3348 238 3419 dum
258 3348 429 3435 videatur,
455 3344 513 3418 σοὶ
528 3347 567 3419 δὲ
580 3347 720 3438 λέγοντι
735 3341 800 3418 crin
819 3348 886 3438 ἔχω
903 3344 998 3428 ὅπως
1010 3341 1235 3422 ἄναπεισθῶ.

683 3550 740 3620 Vb

153 3708 221 3785 De
240 3703 490 3778 sententiis
516 3703 924 3777 conditionalibus
945 3717 986 3777 et
1001 3704 1265 3800 finalibus.

256 3861 458 3950 Priusquam
473 3859 517 3928 de
540 3882 604 3928 usu
623 3862 809 3953 particulae
832 3858 878 3932 σῖν
901 3861 936 3929 in
954 3861 1122 3929 sententiis
1145 3862 1266 3930 condi-

150 3965 330 4036 tionalibus
346 3973 380 4031 et
394 3964 548 4032 finalibus
562 3964 704 4049 dicatur,
730 3966 845 4058 paucis
862 3964 906 4031 de
921 3974 1040 4032 natura
1051 3964 1172 4033 harum
1187 3988 1262 4034 sen·

151 4071 330 4139 tentiarnm
353 4090 393 4134 ac
414 4067 605 4135 diversitate
625 4069 860 4160 explicandum
882 4077 941 4136 est.
993 4069 1040 4137 Et
1054 4068 1267 4137 conditiona-

150 4175 200 4242 les
215 4171 353 4263 quidem
375 4171 551 4239 sententias
571 4194 628 4239 eas
650 4195 829 4261 vocamus,
858 4173 977 4261 quibus
999 4195 1115 4240 caussa
1128 4173 1266 4241 indica-

17 4320 20 4329 ·
149 4287 223 4365 tur,
250 4297 318 4364 qna
341 4297 543 4367 praegressa
563 4273 656 4343 alind
683 4276 766 4365 quid
789 4284 1031 4367 consequatur;
1057 4277 1175 4344 finales
1206 4300 1266 4346 au-

149 4390 219 4453 tem
241 4379 332 4465 illas,
358 4379 479 4470 quibus
499 4386 637 4449 eventus
657 4379 880 4472 significatur,
908 4381 954 4448 ob
979 4403 1083 4472 quem
1108 4379 1264 4451 efficien-
