2842 4920
414 349 957 413 ’1)”1831111ΤΑΤ10.
1199 360 1265 423 256

154 545 205 614 llli
224 565 309 612 vero
327 564 486 610 arcanam
509 542 674 610 rationem
693 542 786 611 domi
810 541 957 634 habent,
984 545 1043 634 qui
1062 546 1164 613 etiam
1183 545 1266 615 Ilia-⁸

154 651 251 734 dem,
277 648 355 740 ipso
373 646 514 714 mirante
530 646 611 736 quid
634 647 763 715 nescius
787 647 958 738 scripserit
975 648 1145 734 Homero,
1167 650 1262 717 trilo-

153 755 246 846 giam
261 773 346 834 esse,
373 749 418 817 ad
433 750 571 838 eiusque
584 751 776 840 exemplum
791 773 866 819 suas
874 751 1039 819 invenisse
1053 751 1262 842 Aeschylum

153 856 305 959 trilogias
321 853 438 921 sciunt
490 853 538 920 At
554 876 610 921 eas
623 854 791 921 finxerunt
804 853 879 947 ipsi.
931 856 1021 922 Nam
1036 854 1118 924 duas
1133 865 1261 925 tantum

154 962 226 1043 eius
250 957 383 1049 generis
412 956 564 1047 trilogias
592 956 756 1047 Aeschyli
780 968 873 1024 certo
904 959 1054 1050 cognitas
1084 959 1262 1044 habemus,

154 1062 351 1145 Oresteam,
384 1061 600 1153 superstitem
620 1059 750 1146 adhuc,
783 1069 818 1128 et
841 1060 1060 1154 Lycurgiam.
1113 1062 1263 1131 Fuerunt

153 1166 304 1234 fortassis
321 1163 423 1230 etiam
442 1163 526 1231 aliae
539 1186 548 1230 ι
575 1163 636 1231 sed
650 1186 767 1231 omnes
781 1163 827 1231 ad
842 1187 920 1232 eum
935 1166 1077 1233 modum
1092 1168 1263 1258 composi-

153 1279 206 1338 tas
222 1269 398 1336 fuissenec
409 1265 572 1334 traditum
584 1290 786 1358 aquoquam
802 1276 954 1336 veterum
968 1269 1173 1362 accepimus,
1199 1290 1263 1338 nec

153 1396 219 1466 per
242 1396 279 1440 se
301 1371 408 1438 simile
430 1370 503 1439 veri
530 1378 591 1442 est.
643 1372 722 1438 Non
745 1381 924 1439 tenuerunt
949 1381 1039 1439 certe
1064 1375 1118 1440 alii
1138 1382 1262 1464 poetae

154 1479 253 1545 istam
267 1475 452 1557 rationem,
478 1483 580 1563 atque
593 1474 667 1564 ipse
683 1473 770 1542 adeo
788 1474 979 1565 Aeschylus
997 1498 1063 1543 uno
1080 1477 1263 1570 complexu

154 1579 261 1647 iunxit
285 1577 469 1662 Phineum,
508 1578 645 1659 Persas,
681 1576 850 1645 Glaucum
880 1577 1111 1666 Potniensem,
1146 1579 1263 1647 addito

154 1680 361 1751 Ptometheo
376 1680 533 1770 satyrico.
568 1681 691 1769 Neque
705 1682 794 1748 enirn
804 1704 890 1772 opus
906 1704 980 1749 esse
996 1682 1148 1767 arbitror,
1176 1705 1264 1771 quae

156 1787 200 1854 de
215 1785 338 1852 horum
351 1793 628 1875 argumentorum
644 1782 858 1852 cohaerentia
870 1785 1003 1876 prolata
1017 1794 1092 1852 sunt
1105 1785 1263 1853 refutare.

156 1888 304 1958 Omnino
322 1895 436 1954 autem
454 1909 650 1977 perpaucae
670 1888 843 1980 trilogiae,
872 1889 1011 1975 quaein
1034 1889 1131 1957 unius
1151 1912 1256 1981 argn-

154 1992 259 2060 menti
286 1990 514 2081 perpetuitate
543 1990 764 2076 constiterint,
798 2001 1044 2060 memoranturt
1072 1992 1116 2060 de
1139 2015 1263 2085 quare

155 2095 310 2163 disseruit
331 2093 513 2161 Silvernius
528 2093 563 2159 in
576 2094 719 2185 egregia
736 2096 1033 2178 commentatione,
1060 2118 1162 2184 quam
1183 2096 1263 2162 scri·

153 2199 223 2292 psit
240 2196 283 2264 de
299 2195 458 2264 dramatis
478 2196 594 2265 indole
613 2196 787 2283 historica,
812 2221 848 2290 p.
868 2196 928 2265 38.
946 2197 1007 2270 43.
1022 2194 1084 2271 45.
1136 2198 1288 2289 ltaque5

155 2304 218 2371 ista
239 2301 369 2368 ratione
393 2298 476 2367 nihil
495 2302 665 2390 assequuti
687 2301 859 2387 videntur,
885 2302 947 2369 nisi
969 2310 1007 2369 ut
1022 2303 1172 2392 potuisse
1194 2312 1263 2371 tres

155 2402 380 2477 Prometheos
400 2403 647 2493 comprehendi
661 2427 729 2471 una
747 2404 883 2496 trilogia
898 2403 1114 2477 concedatur.
1298 2420 1300 2424 ’

164 2559 170 2565 .
258 2506 331 2575 Sed
359 2506 487 2574 habent
520 2505 621 2577 aliud.
674 2506 923 2597 Philosophum
946 2508 1049 2574 fnisse
1079 2508 1170 2574 aiunt
1191 2508 1263 2574 Ae-

156 2610 324 2699 schylum,
351 2610 409 2698 qui
426 2608 519 2699 quod
534 2608 740 2702 profundam
753 2611 844 2677 illam
864 2609 1072 2700 sapientiam,
1099 2632 1187 2700 quae
1203 2633 1264 2677 an·

155 2713 256 2803 tiquis
273 2715 316 2783 de
333 2712 539 2781 Prometheo
555 2713 676 2781 fabulis
690 2715 931 2813 contineretur,
959 2714 1128 2805 explicare
1143 2715 1264 2781 volue-

155 2817 213 2903 rit,
237 2840 305 2885 non
320 2817 354 2884 in
373 2824 472 2907 parte
488 2817 557 2884 eius
573 2816 686 2905 aliqua
699 2818 847 2908 potuerit
862 2818 1061 2903 consistere,
1091 2818 1151 2886 sed
1167 2839 1263 2885 com-

154 2919 371 3012 prehendere
386 2928 493 2988 totam
508 2919 670 2991 debuerit.
711 2921 789 2986 Hoc
807 2941 911 3008 quum
927 2921 1051 3006 dicunt,
1076 2921 1169 2989 idem
1183 2920 1265 2989 mihi

155 3023 312 3092 ridentur
324 3025 449 3110 facere,
477 3022 571 3113 quod
587 3023 666 3089 olim
683 3022 895 3114 grammatici
910 3022 1047 3110 quidam
1062 3022 1264 3091 in-Homero

156 3127 289 3215 fecere,
317 3149 423 3217 quum
449 3126 566 3194 lovem
596 3125 785 3212 aetherem,
811 3125 973 3192 lunonem
992 3131 1105 3193 aerem
1123 3126 1264 3193 inferio·
1379 3209 1382 3224 Ι

156 3253 251 3316 rem,
277 3240 378 3321 atque
395 3230 477 3298 alios
500 3229 582 3297 deos
602 3229 667 3296 alia
683 3252 755 3297 esse
772 3229 1026 3297 contenderunt.
1079 3229 1158 3296 Non
1174 3250 1264 3320 nego

157 3333 296 3423 quidem
318 3355 404 3425 ego,
431 3334 548 3424 quiqui
566 3333 658 3400 illam
674 3333 826 3401 fabulam
839 3332 894 3400 vel
909 3334 1105 3401 invenerunt
1124 3333 1179 3400 vel
1194 3355 1264 3400 am-

156 3438 246 3530 phus
264 3445 481 3524 exornarunt,
507 3459 576 3503 non
594 3436 629 3503 id
650 3446 777 3505 temere
796 3446 853 3504 aut
875 3437 973 3504 stulte
995 3436 1134 3505 fecisse:
1160 3437 1265 3505 immo

157 3550 192 3607 et
208 3538 310 3608 video
324 3548 359 3609 et
380 3540 491 3607 fateor
511 3541 734 3608 sollertissime
758 3563 831 3608 esse
855 3549 888 3606 et
903 3541 1144 3630 sapientissime
1161 3562 1265 3607 exco-

156 3644 318 3735 gitatam:
346 3643 390 3710 de
415 3666 483 3732 qua
504 3666 542 3710 re
565 3642 660 3711 haud
682 3644 800 3734 paullo
825 3642 1062 3711 consideratius
1084 3666 1187 3733 quam
1211 3644 1265 3710 alii

157 3747 290 3838 scripsit
303 3745 435 3814 Baurus
442 3748 477 3813 in
486 3747 671 3816 Annalibus
678 3749 738 3815 litt.
752 3746 1096 3838 Heidelbergensibus
1111 3770 1140 3813 a.
1154 3744 1264 3816 1826.

156 3850 238 3918 fasc.
255 3850 313 3916 Vl.
329 3874 366 3943 p.
381 3848 456 3917 691
475 3872 568 3939 seqq.
588 3850 648 3918 sed
665 3851 755 3919 aliud
768 3852 872 3941 longe
886 3859 936 3916 est
952 3849 1088 3917 fabulae
1102 3851 1265 3918 rationem

157 3975 349 4045 exponere,
386 3952 478 4021 aliud
498 3954 668 4045 explicare
693 3955 867 4022 consilium
890 3962 1033 4043 poetae,
1067 3953 1266 4043 praesertim

115 4125 118 4132 ,
157 4057 302 4143 scenici,
329 4057 389 4147 qui
403 4079 471 4125 non
487 4056 630 4143 docere,
657 4057 719 4125 sed
730 4057 867 4148 placere
881 4055 1032 4146 populo,
1059 4066 1132 4142 aut,
1159 4058 1186 4125 si
1199 4055 1265 4124 do·
1315 4140 1316 4143 Ἴ

158 4183 258 4246 cere,
284 4173 352 4227 'non
374 4160 499 4227 docere
522 4184 586 4252 per
608 4162 797 4253 aenigmata
816 4160 991 4227 abstrusae
1011 4160 1185 4228 cuiusdam
1210 4183 1267 4226 sa-

156 4263 322 4355 pientiae,
350 4262 411 4331 sed
424 4286 490 4355 per
501 4264 577 4331 viva
593 4265 812 4350 constantiae,
839 4262 1051 4346 fortitudinis,
1078 4264 1178 4331 animi
1192 4285 1267 4328 ma-

157 4368 341 4460 gnitudinis
356 4367 517 4460 exempla
530 4367 619 4437 velit.
660 4368 717 4440 Ab
733 4390 775 4437 eo
790 4367 959 4460 uilogiam
976 4365 1101 4434 factam
1117 4365 1267 4449 credere,
