2842 4920
327 389 330 404 ·
491 360 550 423 DE
586 360 863 424 Pnnnlcvnt
887 358 931 425 dv

338 859 587 927 LIBER
639 857 1075 932 SECVNDVS.

645 1046 726 1119 ¹1.

208 1199 292 1268 De
342 1200 562 1269 modis
614 1194 1212 1290 verbi-obliquis.

153 1337 362 1442 Dicendum
382 1391 471 1437 nunc
493 1380 545 1437 est
567 1368 611 1438 de
632 1372 741 1439 niodis
756 1370 850 1438 verbi
866 1370 1026 1458 obliquis,
1053 1371 1265 1436 coniunctivo

153 1485 255 1565 atque
278 1475 444 1566 optativo,
479 1473 522 1541 de
546 1496 692 1563 qnorum
715 1473 962 1541 consociatione
989 1495 1066 1539 cum
1093 1474 1264 1564 particulis

153 1578 199 1651 ἂν
214 1586 248 1647 et
264 1578 323 1650 κὲν
340 1579 404 1644 alia
424 1577 552 1645 ratione
578 1577 814 1669 explicandum
839 1577 917 1662 erit,
945 1599 1046 1666 quam
1067 1599 1134 1664 qua
1159 1577 1192 1642 in
1212 1577 1265 1642 in-

153 1681 299 1749 dicativo
320 1681 368 1748 uti
391 1678 523 1747 licebat.
576 1681 750 1749 indicativi
774 1680 861 1747 enim
878 1689 996 1746 natura
1013 1690 1046 1746 et
1062 1680 1146 1746 ratio
1162 1702 1266 1768 quum

153 1785 306 1853 omnibus
328 1790 447 1874 aperta
467 1783 527 1865 sit,
555 1785 680 1870 statim,
707 1784 858 1872 quaevis
878 1792 966 1850 esset
981 1781 1078 1849 huius
1097 1782 1210 1863 modi,
1238 1783 1266 1849 si

79 1906 81 1912 ’
153 1887 356 1956 adderentur
375 1884 561 1974 particulae
579 1887 678 1972 istae,
705 1884 836 1952 ostendi
852 1887 981 1974 potuit,
1008 1885 1132 1952 deinde
1153 1897 1267 1952 autern

66 1990 79 2032 ἒ
152 1990 197 2057 de
211 1990 248 2058 iis
264 1987 487 2056 locutionibus
498 1987 575 2079 dici,
602 1989 636 2055 in
654 1988 775 2077 quibus
790 1987 913 2054 omissa
926 1987 1034 2055 videri
1050 1998 1168 2078 posset
1183 2011 1266 2079 par-

150 2093 264 2163 ticula.
319 2089 529 2159 Coniunctivi
559 2113 641 2158 vero
669 2100 771 2178 atque
803 2090 942 2180 optativi
976 2098 1095 2156 natura
1126 2115 1193 2158 non
1221 2092 1268 2158 ita

153 2195 305 2262 omnibus
335 2201 416 2258 nota
439 2201 541 2280 atque
565 2202 748 2283 perspecta
766 2201 833 2277 est,
860 2201 897 2259 ut
918 2190 955 2257 hi
975 2191 1068 2258 modi
1090 2193 1172 2280 quid
1196 2195 1268 2261 sine

151 2296 321 2391 particulis
345 2294 414 2361 istis
444 2295 634 2386 significent
661 2295 862 2386 praeterire,
897 2292 1072 2360 aestatim
1097 2294 1140 2361 de
1170 2296 1269 2364 adie-

152 2401 261 2468 ctione
284 2420 401 2466 earum
425 2396 470 2464 ad
494 2421 552 2466 eos
576 2398 696 2467 modos
719 2398 833 2465 dicere
854 2399 1038 2488 possimus3
1066 2397 1168 2463 immo
1189 2409 1268 2467 ante

152 2502 264 2571 omnia
279 2500 462 2569 videndum
479 2502 559 2589 erit,
586 2524 689 2591 quam
710 2502 774 2592 ipsi
793 2520 857 2591 per
875 2525 911 2568 se
925 2501 993 2568 vim
1006 2498 1169 2587 habeant,
1198 2524 1267 2590 quo

153 2606 295 2690 deinde,
323 2604 406 2694 qnid
432 2604 477 2672 ad
502 2628 577 2672 eam
599 2605 742 2673 adiectio
761 2604 892 2671 illarum
917 2603 1158 2695 particularum
1182 2628 1266 2672 con-

141 2711 257 2803 serat,
283 2708 425 2799 intelligi
440 2709 555 2799 possit.

254 2809 458 2901 Repetenda
488 2810 545 2878 hic
577 2812 697 2903 paucis
725 2811 891 2903 simulque
917 2810 1147 2879 confirmanda
1180 2818 1265 2894 sunt,

107 2990 109 3001 Ι
153 2937 241 3004 quae
256 2912 336 2980 alibi
359 2915 553 3005 explicatius
577 2906 774 3006 disputavi(
807 2916 854 2982 Vt
873 2914 1069 2982 indicativus
1093 2914 1266 2981 veritatem

152 3018 250 3104 facti,
283 3017 330 3083 ita
353 3018 580 3086 coniunctivus
604 3028 707 3108 atque
731 3018 899 3108 optativus
924 3042 984 3103 ea,
1016 3040 1104 3106 quae
1126 3025 1267 3106 possunt

150 3121 242 3205 fieri,
274 3120 479 3212 significant:
513 3123 558 3188 ita
581 3130 722 3204 tamen,
737 3118 774 3187 ul
798 3121 1027 3188 coniunctivus
1052 3120 1109 3186 illa
1130 3118 1265 3201 indicet,

93 3216 94 3221 ¹
153 3247 241 3313 quae
258 3233 402 3314 propter
418 3225 564 3313 aliquam
577 3225 727 3315 ipsarum
738 3247 862 3305 rerum,
884 3224 927 3291 de
942 3224 1063 3312 quibus
1078 3245 1188 3290 sermo
1206 3232 1266 3308 est,
1308 3260 1311 3267 ,

154 3326 382 3393 conditionem
404 3327 574 3393 eveniant:
608 3326 697 3393 unde
712 3335 801 3392 totus
826 3327 871 3392 ad
896 3327 1135 3416 experientiam
1156 3325 1266 3393 refer·

153 3438 207 3495 tut
241 3449 282 3494 ex
310 3449 417 3515 eaque
442 3429 589 3520 pendet3
624 3428 791 3519 optativus
816 3439 928 3496 autem
955 3452 1043 3518 quae
1073 3429 1268 3520 cogitabilia
1302 3446 1304 3451 ’

152 3538 230 3599 sunt
256 3529 439 3620 significet:
466 3554 534 3620 quo
548 3532 606 3616 lit,
632 3540 670 3598 nt
686 3532 788 3598 etiam
806 3556 847 3601 ea
864 3531 1149 3623 comprehendat,
1178 3554 1267 3620 quae

151 3633 227 3702 fieri
245 3644 426 3721 nequeunt.
480 3636 630 3724 Vterque
655 3634 794 3719 modus,
821 3636 849 3703 si
871 3659 944 3703 rem
967 3636 1112 3703 severius
1137 3657 1267 3726 expen-

153 3736 280 3812 dimus,
308 3759 376 3803 non
391 3746 505 3827 potest
523 3761 587 3829 per
606 3761 642 3805 se
663 3738 751 3805 solus
769 3747 879 3827 stare,
906 3738 968 3807 sed
983 3739 1115 3831 pendet
1140 3760 1182 3805 ex
1202 3737 1268 3804 alia

151 3849 249 3930 parte
265 3841 433 3912 orationis.
486 3842 575 3909 Nam
590 3841 742 3908 subtilior
764 3853 864 3930 quam
885 3843 996 3910 verior
1020 3851 1070 3910 est
1094 3840 1268 3932 Apollonii

152 3942 333 4033 disputatio
347 3943 405 4016 lib.
419 3944 479 4018 lll.
498 3944 541 4011 de
554 3946 683 4034 syntaxi
698 3968 727 4017 c.
744 3942 804 4013 28.
818 3945 1035 4013 indicativum
1050 3954 1151 4033 atque
1165 3953 1268 4035 opta·

150 4045 257 4111 tivum
272 4047 318 4111 ita
334 4045 441 4115 dictos
459 4049 642 4136 censentis,
670 4047 764 4136 quod
779 4049 840 4116 soli
853 4072 917 4139 per
934 4071 982 4134 se,
1009 4049 1094 4115 alter
1115 4071 1188 4114 esse
1203 4047 1264 4113 ali-

122 4148 125 4153 '
151 4141 234 4236 qnid
243 4201 256 4234 ‚
295 4148 379 4215 alter
409 4152 519 4240 optari
542 4151 749 4243 significent,
777 4153 1025 4218 coniunctivum
1048 4159 1162 4218 autem
1187 4149 1267 4217 inde

151 4273 275 4325 nomen
299 4249 445 4335 habere,
472 4253 583 4343 quod,
611 4277 715 4342 quum
736 4277 800 4344 per
818 4265 854 4322 se
870 4255 952 4322 nihil
971 4255 1156 4345 significet,
1183 4276 1266 4344 par-

96 4396 105 4410 ,
151 4354 253 4422 ticula
280 4355 448 4447 indigeat,
477 4380 553 4425 cum
578 4379 645 4446 qna
670 4357 893 4450 coniungatur
912 4380 953 4426 ex
973 4380 1081 4447 eaque
1104 4356 1265 4448 pendeat.
