2842 4920
501 366 591 434 nto.
612 369 650 433 ll.
694 367 793 439 CdP.
814 373 867 436 la
1195 373 1260 441 ltt

213 588 232 601 ··
248 559 308 632 ob
323 559 479 632 eamdem
488 583 641 633 caussam
655 569 716 636 ἵνα
729 572 770 633 ιιι
786 587 807 632 a
822 560 941 655 probis
956 563 1176 655 scriptoribus
1188 587 1257 634 nou

149 666 296 758 iungitur
318 665 444 737 futuro.
494 667 585 734 Nam
606 666 651 734 ad
667 667 868 757 particulam
885 675 978 734 certa
1000 667 1067 736 loci
1085 670 1256 760 siguifica-

146 773 235 838 'tione
249 768 441 860 praeditam
455 769 483 836 si
499 770 601 837 etiam
614 770 710 837 verbi
722 770 843 838 modus
855 768 1009 838 definitus
1023 772 1163 860 accedit,
1188 774 1256 841 tol-

149 875 225 941 litur
239 873 368 940 consilii
387 872 532 960 notatio,
558 873 698 963 solaque
717 881 870 941 remanet
890 872 1008 940 relatio
1027 874 1128 941 facti:
1155 871 1257 972 δεῦρ’

149 971 229 1051 ἔλθ’
247 983 307 1047 ἵνα
323 968 488 1065 κλαύσει,
514 974 586 1045 huc
597 975 696 1065 vetti,
722 975 784 1048 aba·
800 975 865 1046 tibi
880 974 1033 1048 dabitur
1043 978 1190 1047 malum

121 1192 124 1197 Ι
251 1111 352 1196 Quae
378 1110 594 1200 coniunctivi,
627 1113 748 1182 eadem
769 1114 855 1182 ratio
877 1122 928 1181 est
946 1116 1104 1206 optativi:
1129 1139 1208 1183 uam
1228 1118 1256 1185 ls

149 1215 231 1285 nihil
253 1223 304 1282 est
319 1215 382 1282 nisi
395 1215 569 1285 conversio
585 1216 784 1285 coniunctivi
797 1217 832 1284 in
845 1217 945 1289 alium
960 1218 1101 1287 modum
1114 1228 1258 1312 propter

151 1319 336 1386 emtionem
355 1318 538 1408 obliquam.
590 1320 695 1410 Atqui
708 1319 802 1411 quod
821 1329 915 1389 recta
934 1322 1085 1392 oratione
1107 1322 1175 1390 dici
1195 1346 1257 1392 ue-

145 1423 240 1512 -quit,
266 1444 310 1489 ne
323 1421 358 1489 in
373 1421 545 1512 obliquam
562 1423 699 1513 quidem
712 1430 829 1515 potest
843 1425 1001 1493 converti.

253 1558 412 1627 Diversus
427 1558 472 1627 ab
489 1558 558 1627 hoc
577 1562 749 1651 generals
769 1560 937 1651 optativus
953 1569 1021 1651 est,
1047 1563 1106 1651 qui
1123 1584 1193 1631 non
1208 1573 1259 1631 est
1372 1642 1382 1649 ,

152 1661 308 1733 orationis
323 1662 500 1753 obliquae,
526 1662 588 1730 sed
603 1665 678 1757 ipse
701 1678 768 1755 per
783 1685 820 1731 se
837 1685 915 1729 cum
932 1665 1100 1754 particula
1115 1664 1161 1736 ἄν
1174 1688 1258 1733 con-

152 1767 404 1942 ipqqtlusoposse
431 1765 514 1858 quid
540 1767 614 1837 fieri
644 1767 826 1864 significata
852 1774 890 1836 ut
914 1767 1010 1862 apud
1039 1768 1260 1839 'lbeocritum

651 2036 717 2157 syn
710 2055 776 2137 δι’
783 2089 845 2136 τοι
856 2054 1083 2161 ηγιμονιύσω

258 2158 395 2237 αὖλιν’
377 2189 411 2247 ες
426 2158 624 2269 ημιτέρην,
651 2173 711 2240 ἴνα
724 2193 785 2240 νιν
799 2167 1000 2262 νένμοιμιν
1016 2163 1174 2240 ἄναντα·

155 2352 175 2419 l.
194 2375 222 2422 e.
240 2350 328 2420 ubi
314 2351 531 2422 obveniamus
544 2374 682 2447 regem.

258 2455 331 2524 Sed
346 2456 527 2524 dicendum
540 2457 607 2524 iam
627 2457 672 2524 de
685 2456 864 2548 exemplis,
891 2456 1021 2544 siquae
1040 2457 1262 2549 reperiuntur,
1326 2534 1331 2541 .

158 2565 215 2631 ἵνα
232 2567 273 2628 ut
288 2559 501 2651 significantis
526 2582 603 2626 omn
619 2560 828 2628 coniunctivo
845 2567 879 2627 et
890 2559 1055 2650 particula
1069 2558 1115 2629 ἄν
1127 2558 1263 2627 haben-

156 2664 253 2730 tibus
307 2664 492 2755 deprimo
509 2686 577 2731 non
599 2674 649 2733 est
672 2661 831 2753 dubium,
858 2661 957 2752 quin,
985 2663 1011 2730 si
1031 2662 1198 2752 particula
1218 2660 1264 2735 oio

158 2765 201 2834 ad
219 2765 310 2833 aliud
326 2767 528 2834 vocabulum
545 2769 730 2858 pertineat,
756 2768 792 2835 id
812 2769 941 2836 nullum
961 2766 1197 2836 constructioni
1211 2766 1265 2834 af-

158 2868 380 2938 seratvitium
431 2870 483 2937 lta
496 2871 590 2962 apud
602 2872 792 2940 Homerum
809 2869 877 2940 0d
869 2899 936 2965 μ.
953 2864 1039 2939 156.

262 3053 343 3130 α’λλ
358 3038 444 3153 Ιἐρέω
460 3056 563 3150 μέν’
545 3048 635 3149 croi,
663 3062 723 3128 ἵνα
737 3050 910 3136 ιιδονις
885 3083 907 3152 η
927 3080 966 3127 ιιι
982 3048 1174 3146 θάνωμεν,

261 3158 287 3256 ἥ
301 3186 359 3234 νιν
375 3154 595 3253 ἀλευάμενοι
609 3153 777 3232 θάνατον
791 3186 849 3231 ναι
864 3156 958 3256 κῆρα
976 3149 1164 3254 φύγοιμεν

138 3384 141 3389 ·
161 3351 250 3418 Nam
260 3376 298 3421 ιιι
311 3348 521 3442 particulam
530 3371 627 3440 eprca
633 3347 779 3417 dictione
789 3346 833 3416 ad
843 3346 953 3416 solum
967 3343 1150 3467 dpertinet,
1175 3344 1269 3434 quod

161 3448 252 3550 exal
279 3460 489 3521 asseverante
518 3461 654 3540 natum,
687 3452 832 3542 aliquam
855 3450 1043 3519 huiusvim
1073 3457 1199 3538 servat,
1232 3457 1270 3516 ut

162 3555 365 3624 Germanice
381 3578 446 3647 per
467 3554 563 3624 wohl
584 3565 680 3626 etwa
695 3555 836 3647 exprimi
845 3547 973 3647 possit.
1022 3552 1184 3621 Eiusdem
1203 3574 1270 3642 ge-

161 3660 254 3727 ueris
265 3657 334 3726 hoc
346 3668 397 3728 est
415 3659 652 3728 Demosthenis
670 3668 787 3727 contra
802 3658 950 3748 Aristog
963 3655 990 3724 Ι.
1003 3679 1040 3746 p
1057 3654 1144 3739 ³8⁰,
1162 3653 1198 3725 7.
1211 3654 1269 3721 ubi

161 3762 319 3830 Reiskius
344 3784 387 3830 ex
406 3762 538 3831 duobus
561 3761 661 3833 codd.
683 3763 773 3854 Aug.
791 3760 912 3849 quibus
929 3759 1060 3826 accedit
1079 3756 1270 3826 Parisiensis

163 3888 248 3934 unus
264 3865 358 3958 apud
371 3865 604 3995 Beldrerum,
598 3865 718 3935 edidit.
745 3863 799 3944 τίς
817 3859 852 3936 δ’
870 3890 935 3935 ονιι
945 3888 991 3933 αν
1000 3888 1048 3940 ccc
1058 3884 1145 3932 οσον
1156 3861 1271 3933 δυνα-

152 3961 232 4041 ’νόν
256 3962 399 4064 φεύγοι,
415 3968 476 4041 ναὶ
498 3997 566 4042 νον
583 3969 714 4058 ἔχοντα
729 3959 868 4062 ταύτην
884 3952 1043 4038 ἐνποδων
1066 3956 1271 4058 ποιήσαιτο,

166 4076 226 4143 ἵνα
240 4067 367 4170 μηδ’
343 4099 388 4144 αν
409 4069 505 4144 ἄνων
524 4067 620 4167 anaqi
638 4070 728 4143 ποτὲ
747 4068 928 4164 περιπέσῃ.
981 4066 1116 4135 Delevit
1129 4066 1271 4135 Bekke-

166 4196 222 4242 rus
236 4172 282 4246 ἄν
303 4197 382 4242 cum
401 4175 540 4244 caeteris
562 4174 675 4261 libris,
702 4172 764 4241 sed
782 4171 864 4239 nihil
884 4171 995 4239 obstat
1014 4171 1094 4260 quin
1113 4177 1271 4258 servetur,

167 4278 247 4367 quia
262 4278 308 4345 ad
323 4279 394 4346 sola
407 4279 513 4348 verba
526 4274 661 4373 μηδ’Ἀ
637 4304 682 4348 αν
698 4274 792 4349 ἄκων
804 4276 960 4368 pertinet.
1014 4272 1195 4341 Caeterum
1211 4293 1273 4340 ue-

168 4381 238 4452 scio
258 4405 303 4451 an
323 4403 364 4451 eo
391 4385 468 4453 loco
490 4387 641 4475 praestet
664 4379 852 4476 περιπέσοι
872 4378 990 4464 scribi,
1022 4377 1096 4444 sive
1121 4372 1273 4460 addatur,
