2842 4920
209 374 275 438 m
358 367 506 431 SEPTEM
524 365 673 429 aarum
689 366 844 430 OPERTA
858 366 915 428 dP.
933 360 1176 432 cusentum

214 558 254 627 lu
266 554 320 626 his
339 550 593 631 λιυκόοτικτοι
611 578 631 623 e
646 554 812 649 Stephani
834 555 981 626 editione
1003 555 1167 644 manavit,
1196 579 1316 626 secure

211 663 247 731 in
270 684 311 729 ea
326 660 492 751 scriptura
507 657 794 747 acquiescentibus
814 660 988 752 plerisque
1009 659 1204 729 doctorum:
1227 683 1316 751 quo-

210 787 287 833 rum
302 786 378 848 eos,
405 762 462 852 qui
479 771 560 853 post
569 763 755 830 accuratius
769 764 939 855 cognitam
954 786 1027 831 rem
1049 764 1225 832 metricam
1243 767 1313 832 Ae-

211 866 367 959 schylum
389 866 572 957 attigerunt
585 866 639 932 vel
653 886 696 933 ex
712 866 857 935 numeris
875 866 1098 959 suspicionem
1112 867 1181 934 vitii
1200 868 1317 935 couci-

211 993 295 1063 pere
322 969 520 1059 oportebat,
551 990 655 1055 quum
684 969 743 1057 qui
768 967 848 1038 huic
875 968 1059 1061 respondet
1086 992 1200 1038 versus
1227 968 1314 1039 367.

174 1145 178 1151 ,
212 1073 266 1143 his
280 1072 392 1141 verbis
408 1071 560 1163 incipiat,
585 1064 850 1165 ποτιτρόπαιον
872 1065 1081 1164 αἰδόμενοςι
1110 1095 1227 1141 omnes
1253 1097 1316 1141 au-

212 1185 299 1263 tem,
326 1175 353 1241 si
374 1174 512 1263 quidem
529 1172 735 1264 Aeschylum
752 1175 924 1266 cognitum
942 1176 1121 1263 habereut,
1147 1177 1316 1245 vocabulo

213 1277 420 1347 commoveri
441 1275 585 1344 decebat
606 1298 773 1367 perquam
797 1277 922 1370 inepto.
975 1278 1069 1363 Quid
1091 1280 1204 1348 enim?
1235 1302 1317 1348 uum

213 1380 296 1450 albis
319 1378 496 1447 distinctae
520 1379 657 1447 maculis
679 1402 804 1448 vaccae
825 1381 933 1474 magis
947 1404 1049 1472 quam
1064 1405 1152 1472 quae
1172 1384 1239 1451 alio
1255 1406 1317 1451 co-

95 1516 101 1533 ι
214 1486 286 1553 lore
310 1492 426 1550 sunta
448 1482 581 1574 pascuis
605 1480 649 1548 ad
672 1481 759 1549 invia
783 1481 1021 1576 devagantur?
1060 1486 1138 1553 Nou
1160 1493 1318 1578 potuerat

212 1585 369 1679 profecto
392 1584 536 1653 inutilius
560 1593 663 1676 poeta
686 1592 787 1674 atque
820 1586 955 1656 inertius
978 1610 1106 1679 ponere
1129 1589 1315 1680 epitheton.

214 1689 307 1758 Vnus
337 1696 466 1756 tantum
497 1686 704 1770 criticorum,
738 1690 931 1759 temerarius
958 1690 1015 1758 ille
1048 1690 1187 1780 quidem
1214 1686 1318 1784 supra

213 1791 372 1873 modurn,
411 1790 473 1859 sed
506 1812 610 1881 sagax
643 1800 757 1858 tamen
783 1799 818 1859 et
849 1814 916 1860 uon
950 1792 1082 1862 hebetis
1112 1796 1163 1862 u'r
1193 1793 1317 1882 indicii,

214 1894 385 1987 Georgius
407 1892 609 1985 Burgesius‚
636 1902 764 1961 rectam
788 1901 838 1962 est
855 1896 925 1962 veri
947 1896 1136 1965 inveniendi
1157 1899 1245 1966 viam
1263 1899 1316 1965 in-

213 2019 364 2089 gressus,
386 2018 590 2086 quamquam
610 1996 719 2087 ipsam
736 1998 869 2087 assequi
885 2001 1059 2067 veritatem
1074 2000 1232 2091 nequivit
1284 2000 1317 2068 ls

213 2092 306 2193 λύκοι
326 2093 477 2193 depactio
500 2098 641 2191 scripsit.
700 2101 747 2168 At
769 2101 821 2167 cui
843 2101 980 2170 taudem
1000 2111 1034 2172 et
1052 2102 1216 2173 librorum
1239 2112 1317 2173 ante

213 2200 427 2293 Stephanum
460 2201 608 2268 omnium
638 2200 837 2292 scripturam
862 2198 1092 2278 λιυιιόδικτοι
1117 2207 1258 2276 intuenti
1283 2215 1317 2276 et

212 2302 412 2373 scholiastae
436 2302 561 2395 legenti
584 2302 852 2393 adnotationem,
878 2305 933 2400 τῷ
946 2307 1077 2404 ἑαυτῆς
1091 2309 1225 2407 βοτῆρι
1247 2336 1317 2405 οη-

213 2406 398 2499 μαίνουοοι
421 2432 506 2486 τους
535 2400 730 2499 διωγμους,
764 2407 944 2477 obscurum
965 2433 1038 2480 esse
1067 2421 1198 2504 potest,
1231 2413 1317 2484 scri·

211 2510 319 2603 psisse
336 2507 562 2601 Aeschylum·

367 2665 421 2735 ida
446 2687 495 2754 μι
520 2655 591 2733 τοῖν
617 2664 730 2736 ἱκέτιν
740 2658 900 2784 φυγάδα
922 2665 1163 2763 περίδρομον,

366 2762 659 2837 λυκοδίωκτον
631 2791 676 2845 ως
703 2757 907 2855 δυ’μαλιν
882 2795 935 2860 αμ
961 2769 1112 2865 πέτραις

368 2860 578 2962 ἠλιβάτοις,
606 2872 640 2937 ἴν
646 2861 765 2964 ιίλκᾷ
790 2867 936 2950 πίσυνος
960 2873 1083 2964 μέμυ-

368 2996 406 3040 κι
433 2965 597 3019 *****
624 2941 812 3065 φράζουσα
838 2972 973 3070 βοτῆρι
998 2969 1171 3069 μόχθους.

213 3124 287 3194 Sed
307 3122 417 3191 nullus
444 3122 609 3192 editorum
636 3123 728 3196 vidit.
