2842 4920
154 357 218 420 lto
497 351 555 411 llE
588 347 859 411 Paarlcvul
882 345 926 413 dv

155 565 224 612 non
245 545 290 610 ita
310 504 467 632 loquutob
489 541 648 631 putabat,
680 539 861 609 Simonidis
882 540 939 608 vel
962 541 1045 611 alius
1064 542 1163 634 lyrici
1189 566 1265 613 esse

97 640 99 644 ’
153 648 393 739 suspicabatur.
445 643 626 736 Euripides
640 643 717 734 lph.
733 645 776 715 T.
795 641 904 712 1⁰24.

131 842 134 849 ·
211 803 290 872 ΟΡ.
317 796 355 870 τί
369 802 392 871 d
399 794 407 814 ’
424 799 461 870 εἴ
467 825 515 890 με
528 797 607 891 ναῷ
622 797 714 891 τῷδε
727 791 900 893 κρύψειας
915 789 1039 891 λάθρᾳ
1046 823 1059 879 ,·

205 906 275 976 ΙΦ.
316 900 360 982 οῖς
378 896 422 996 δή
437 894 563 980 σκότος
580 894 753 993 λαβόντες
769 905 988 991 ἐκσωθεῖμεν
1004 897 1072 992 ἄν,·

152 1055 398 1126 Demosthenes
414 1078 450 1145 p.
473 1051 535 1140 66,
560 1051 620 1118 12.
647 1048 770 1126 ἔπειθ’
785 1049 886 1142 ὑμεῖς
905 1059 941 1126 οἱ
962 1047 1187 1149 καθήμενοι,
1218 1053 1264 1135 οἷς

153 1148 1262 1253 μὲνᾶνεἴποιτεδικαιόοςλόγονςκαὶλε’νοντοςοῖλλονοιινειήτε,

155 1260 307 1353 ἄμεινον
331 1259 513 1332 Φιλίππου
539 1253 829 1354 παρεσκεύασθε·
861 1256 906 1338 οῖς
932 1259 971 1332 δὲ
995 1252 1192 1331 κωλύσαιτ’
1216 1258 1264 1332 οῖν

155 1370 289 1438 ἐκεῖνον
302 1355 480 1456 πράττειν
496 1361 616 1434 ταῦτα
631 1357 692 1454 ἐφ’
708 1357 757 1432 ὦν
773 1357 848 1433 ε’στῖ
859 1361 934 1440 νεῖν,
951 1360 1133 1440 παντελεῖς
1146 1358 1264 1457 οῖργσῖς

154 1469 263 1556 ἔχετε.
317 1465 432 1540 Variat
447 1465 493 1533 ibi
517 1465 699 1553 scriptura,
726 1464 796 1532 aliis
812 1464 904 1532 libris
922 1466 1043 1558 εἴπητε
1063 1473 1097 1531 et
1118 1465 1264 1560 συνίητε

153 1571 208 1638 vel
239 1566 399 1641 σονῖοιτε
430 1567 671 1635 exhibentibus.
725 1568 831 1634 Nimis
861 1567 1009 1635 breviter
1040 1567 1263 1637 Sohaeferus:

154 1671 356 1762 ,,σονειήτε,
384 1680 421 1737 ut
442 1673 640 1762 oportebat,
666 1655 885 1738 Beklrerus.“
938 1671 1019 1762 Ego
1040 1669 1178 1760 quidem
1203 1694 1284 1744 cur,

28 1820 47 1853 -,
153 1777 188 1843 in
208 1777 323 1867 priore
341 1774 494 1841 membro
515 1774 672 1841 orationis
695 1775 835 1864 optativi
846 1774 949 1863 positi
970 1775 1051 1856 sint,
1078 1775 1187 1841 fateor
1206 1797 1263 1842 me

153 1902 221 1946 non
246 1878 452 1969 perspicere.
504 1877 543 1944 ln
565 1877 804 1944 altercantem
827 1878 982 1946 membro
1005 1885 1039 1944 et
1059 1899 1113 1944 res
1129 1878 1207 1968 ipsa
1230 1886 1264 1946 et

155 1982 331 2050 collocatio
347 1979 533 2071 particulae
552 1981 740 2070 optativum
755 1989 878 2053 tuetur.
930 1979 1026 2048 Male
1044 1981 1174 2047 veroin
1195 1979 1263 2049 So-

153 2085 286 2177 phoclis
304 2085 495 2175 fragmento
512 2083 606 2174 apud
617 2083 804 2152 Stobaeum
818 2083 927 2152 Serm.
942 2084 1016 2151 XL.
1034 2081 1068 2150 3.
1082 2084 1229 2175 legitur:

256 2230 309 2332 μή
324 2263 391 2326 μοι
406 2239 584 2331 κρυφαῖον
597 2234 710 2331 μηδὲν
725 2235 859 2330 ἐξείπῃς
872 2234 974 2314 ἔπος·

256 2343 427 2434 κλεῖθρον
443 2332 512 2435 νοῖρ
528 2332 649 2410 οὐδέν·
677 2334 721 2416 οῖς
737 2333 774 2410 δ’
789 2336 834 2408 οῖν
849 2332 992 2416 εὐπετὲς
1006 2329 1149 2431 idduae,

258 2434 413 2538 γλώσσης
428 2445 607 2538 κρυφαῖον
624 2435 727 2513 οὐδὲν
742 2435 786 2513 οὐ
800 2441 991 2536 διέρχεται.

153 2596 273 2665 Scribe
293 2593 337 2674 οῖς
354 2589 390 2666 δ’
412 2587 640 2685 duodenario
662 2586 790 2690 λα’βῃς,
817 2591 1115 2689 quamvissacile
1140 2593 1262 2663 celato

152 2719 349 2790 acceperas.

596 2939 801 2950 --.-

358 3136 1050 3225 nlnunovnnrvs

692 3310 720 3381 1.

255 3460 340 3530 De
391 3460 463 3534 νῖν
514 3483 647 3531 cum
698 3463 1156 3556 imperativo.

152 3601 367 3704 Dubitatum
385 3643 454 3721 est,
481 3656 524 3699 an
540 3633 640 3700 etiam
654 3633 853 3725 imperativo
867 3634 961 3726 iungi
975 3635 1083 3725 possit
1099 3633 1155 3706 οῖν.
1206 3635 1259 3703 Ac

152 3842 339 3928 Bentleius,
373 3842 425 3909 oui
449 3840 604 3908 modeste
626 3840 823 3908 contradixit
841 3842 1034 3932 Lennepius
1057 3841 1101 3908 ad
1123 3840 1258 3910 Phalar.

152 3969 187 4037 p.
213 3944 298 4011 310.
350 3946 420 4012 Nisi
445 3944 583 4037 egregie
609 3944 725 4030 fallor,
752 3943 873 4011 accidit
895 3944 1013 4013 criticis
1034 3944 1090 4011 hic
1111 3967 1258 4035 quoque,

153 4048 249 4137 quod
264 4070 376 4137 saepe,
399 4058 436 4115 ut
448 4049 600 4116 viderent
615 4070 743 4130 rerum,
770 4047 831 4115 sed
846 4070 887 4114 eo
905 4048 953 4114 uti
968 4049 1143 4116 nescirent
1170 4049 1260 4114 Nam

151 4160 320 4242 repugnat
340 4174 439 4238 sane,
467 4175 545 4218 cum
566 4152 783 4242 imperativo,
805 4150 862 4240 qui
879 4150 999 4220 modus
1016 4151 1111 4220 verbi
1125 4152 1173 4218 ita
1196 4149 1259 4218 de-

151 4255 264 4322 finitus
281 4262 341 4340 est,
357 4263 475 4321 utnon
490 4255 643 4322 videatur
657 4253 884 4322 conditionem
897 4277 999 4344 posse
1013 4254 1258 4346 adsignificare,

151 4358 352 4448 particulam
368 4357 623 4426 conditionalem
638 4355 684 4430 οῖν
699 4358 853 4425 construi.
906 4358 1032 4427 Verum
1052 4367 1183 4427 temere
1206 4366 1259 4425 ta-
