2842 4920
525 344 613 407 LlB.
633 343 687 408 ΠΙ.
730 344 829 405 ele.
850 347 884 410 li.
1196 355 1265 421 161

150 535 197 607 cir
217 535 433 619 coniunctus,
463 557 509 602 an
529 534 758 602 eoniunctivus
779 535 946 626 praeferri
970 537 1113 628 debeat,
1146 545 1265 636 paucis

150 639 415 724 declarabimus,
441 637 525 728 quid
536 637 604 706 hae
620 638 753 706 dicench
767 639 898 707 formae
912 639 1081 715 differant.

250 743 366 830 Atque
381 751 420 808 ut
433 765 455 807 a
471 741 681 808 coniunctim
695 742 909 835 incipiamus,
933 744 1187 817 isdeliberantis
1202 758 1263 837 est,

150 855 186 912 ut
197 847 233 913 in
245 840 491 913 Eumenidihus
510 843 598 918 791.
613 841 703 913 821.

250 994 409 1096 τίρέξω,
433 998 617 1091 γένωμαις

151 1152 241 1245 quid
253 1145 400 1244 agenn?
426 1149 517 1242 quid
536 1145 713 1246 mefiut?
736 1151 946 1221 Deliberatio
960 1163 1073 1223 autem
1092 1179 1197 1246 quum
1216 1159 1263 1229 ad

151 1255 322 1348 agendum
342 1264 492 1346 spectet,
516 1255 663 1322 refertur
680 1256 908 1324 coniunctivus
926 1261 1116 1327 necessario
1138 1262 1183 1329 ad
1204 1264 1262 1330 l'u-

150 1371 241 1443 tura,
267 1359 451 1447 subestque
475 1359 506 1425 ei
522 1357 609 1425 haec
622 1359 804 1426 sententia:
829 1360 962 1428 nescio.
995 1362 1074 1430 Alia
1089 1374 1141 1433 est
1159 1375 1261 1460 opta·

149 1463 205 1528 tivi
224 1463 329 1549 ratio,
354 1471 393 1528 ut
408 1461 503 1553 apud
518 1461 744 1529 Theocritum
756 1463 896 1531 XXVII.
913 1461 975 1530 24.

251 1614 314 1685 sai
331 1612 391 1702 τί,
419 1610 543 1709 φίλος,
566 1615 710 1711 ῥέξαιμι
716 1641 732 1704 ,·

151 1767 242 1857 quod
256 1767 324 1834 illic
339 1767 479 1856 quidem
493 1769 692 1837 vertendum
708 1779 769 1856 est,
792 1764 1095 1861 quidsacerem?
1119 1770 1162 1838 ld
1180 1795 1263 1843 veru

149 1895 216 1938 non
233 1880 285 1938 est
299 1870 535 1954 deliberantis,
561 1872 623 1939 sed
641 1872 801 1940 iudicium
816 1873 1029 1962 exquirentis,
1056 1875 1262 1944 subiectam·

150 1998 216 2063 que
228 1974 334 2041 hahet
348 1973 438 2041 hanc
454 1976 668 2043 sententiam:
694 1999 767 2044 non
774 1986 877 2068 puto.
928 1976 1075 2044 ludicari
1090 1989 1203 2047 autem
1218 1981 1265 2050 de

150 2077 381 2168 praesentrhus
402 2086 438 2145 et
455 2079 645 2169 praeteritis
658 2102 726 2147 non
739 2081 847 2148 minus
864 2102 967 2169 quam
984 2080 1029 2148 de
1047 2081 1166 2151 futuris
1180 2093 1262 2174 put-

151 2190 208 2252 est,
240 2181 358 2266 Quare
373 2182 513 2273 optativi
528 2205 606 2250 usus
621 2183 704 2250 nulli
718 2193 770 2252 est
786 2184 931 2275 tempori
948 2183 1135 2253 adstrictus.
1171 2186 1264 2255 Hinc
1350 2264 1353 2269 ,

149 2285 206 2368 fit,
230 2293 281 2372 ut,
307 2307 411 2373 quum
429 2285 473 2352 de
486 2287 674 2376 praeteritis
688 2287 868 2376 loquimur,
895 2287 1086 2356 necessario
1105 2291 1147 2357 sit
1164 2300 1264 2381 opta-

150 2388 217 2454 tivo
232 2387 416 2474 utendum,
442 2389 522 2477 quia
544 2389 588 2456 de
608 2389 662 2456 his
680 2389 821 2457 iudicari
843 2390 1000 2479 quidem,
1027 2390 1177 2460 sednon
1200 2393 1264 2462 de-
1346 2457 1353 2468 ,

150 2490 284 2558 liberari
296 2499 420 2583 potest.
471 2491 565 2559 Vtin
581 2491 744 2582 Aeschyli
759 2493 962 2584 supplicum
977 2493 1088 2561 initiet

251 2640 337 2716 τίνα
349 2642 437 2734 γοῦν
452 2637 573 2737 χώραν
586 2641 750 2743 εὔφρονα
764 2644 906 2739 μᾶλλον

252 2742 614 2842 τῆςδίίφικοίμιθα;

151 2901 250 2967 Patet
269 2907 405 2989 autem,
431 2900 459 2967 si
479 2910 609 2968 rectam
629 2902 815 2969 orationem
835 2903 1008 2986 restituas,
1041 2923 1111 2970 non
1136 2902 1265 2993 ubique

150 3026 251 3094 posse
267 3003 336 3070 eius
354 3003 468 3091 verbi,
492 3005 585 3072 cuius
603 3006 790 3096 optativum
808 3007 956 3095 positum
975 3005 1146 3087 fidemne,
1172 3007 1264 3074 indi—
1360 3076 1365 3085 ,

152 3106 298 3173 catinum
324 3105 487 3177 adhiberi.
538 3107 586 3174 Vt
606 3107 674 3174 hoc
699 3108 810 3198 ipsum
834 3106 874 3178 τί
900 3107 1045 3203 ῥέξαιμι
1065 3115 1159 3173 recta
1185 3130 1261 3175 ora·

151 3209 241 3276 tione
257 3208 384 3275 dictum
406 3233 474 3276 non
500 3221 551 3278 est
575 3209 614 3282 τί
636 3211 758 3304 ἔρεξα,
786 3210 848 3278 sed
869 3209 907 3280 τί
928 3210 1075 3306 deusdet*
1098 3203 1166 3304 ἤι,·
1190 3210 1263 3279 Sed

152 3313 178 3380 si
201 3335 344 3401 quaeras
366 3305 531 3406 ποιήσειε
552 3312 689 3404 τοῦπος
703 3311 846 3406 fecerit
869 3307 999 3382 istud?
1024 3321 1096 3378 tum
1115 3335 1197 3380 vero
1218 3314 1262 3382 li-

152 3416 241 3482 cebit
256 3429 351 3482 recta
363 3417 514 3484 oratione
528 3417 612 3502 dici,
639 3416 785 3513 ἐποίησε
802 3416 939 3507 τοῦπος
961 3416 1126 3483 Nimirum
1140 3415 1196 3483 hic
1218 3418 1263 3487 de

150 3519 242 3585 facto
263 3519 452 3607 quaeritu13
478 3520 512 3587 in
532 3520 591 3587 illo
613 3528 726 3587 autem
743 3521 900 3611 exemplu
919 3519 963 3586 de
981 3528 1074 3586 recte
1088 3519 1264 3589 faciendos

151 3631 188 3688 ut
203 3621 251 3688 ibi
271 3643 410 3712 quoque
439 3623 589 3690 eiusdem
611 3624 706 3690 verbi
729 3623 906 3690 indicativo
930 3623 978 3689 uti
1000 3622 1127 3713 possis,
1159 3623 1265 3690 modu

151 3725 199 3791 sic
220 3724 332 3814 dicas,
360 3721 426 3796 οὐκ
445 3721 565 3820 ὀρθῶς
580 3727 698 3818 destun
716 3727 805 3794 Nam
818 3725 902 3792 illud
917 3724 956 3796 τί
970 3726 1113 3821 ῥέξαιμι
1129 3747 1263 3793 reuera

151 3826 233 3894 nihil
253 3836 304 3894 est
325 3827 387 3895 nisi
406 3829 606 3897 coniunctivi
628 3828 663 3896 in
684 3831 834 3896 oratione
857 3828 996 3917 obliqua
1015 3849 1092 3894 cum
1112 3830 1263 3919 optativo

152 3931 381 3999 commutatio.
434 3931 552 4000 Tertia
576 3932 661 3999 ratio
688 3940 740 4001 est
763 3931 903 4023 optativi
924 3953 1002 3997 cum
1027 3930 1193 4021 particula
1217 3930 1263 4006 ἄν

152 4034 341 4123 coniuncti,
366 4043 405 4103 ut
414 4034 511 4109 lliad.
524 4065 557 4108 τ.
574 4033 636 4102 90.

255 4171 350 4259 cillo?
372 4185 413 4259 τί
437 4215 497 4262 κει
522 4189 666 4287 ῥέξαιμι
673 4214 687 4278 ,·

153 4339 353 4431 quaequod
370 4341 559 4434 optativum
578 4340 685 4410 hahet
702 4340 777 4433 ipsa
793 4361 930 4431 quoque
952 4348 1003 4409 est
1024 4337 1183 4408 iudicium
1202 4357 1262 4404 ex-
