2842 4920
184 372 249 436 214
320 364 1158 429 1111118οΗ111ΡΒΟΜΕΤΗΕΟΒΟΠΤΟ

186 561 219 627 in
238 558 325 625 libro
341 556 385 625 de
407 579 485 624 aere
500 557 583 627 locis
604 565 640 623 et
662 556 775 644 aquis,
803 557 981 646 quiquam
1000 579 1036 647 p.
1056 554 1143 642 2111,
1160 554 1223 628 49.
1242 556 1288 625 de

187 660 328 752 Scythia
350 660 492 744 scribat,
523 665 640 731 κεῖται
654 652 725 753 ydp
744 655 809 729 ὑπ’
826 655 953 739 αὐταῖς
969 664 1050 739 ταῖς
1064 656 1211 754 ἄρκτοις
1227 660 1289 731 καὶ

188 770 264 845 τοῖς
278 762 379 859 ὄρεσι
394 769 469 842 τοῖς
480 759 719 847 Ῥιπαίοισιν,
747 758 838 833 ὅθεν
854 758 875 834 ὁ
890 761 1019 858 βορέης
1035 764 1146 850 nudae,
1170 763 1289 855 paullo

189 876 285 953 ante,
309 865 416 935 141.
433 865 530 932 dicits
558 859 664 935 ariaci
678 859 713 935 δ’
730 861 896 936 ἐσθίουσι
911 865 997 959 κρέα
1016 856 1130 956 ἑφθοί,
1156 864 1289 936 1101πί-

189 997 293 1043 αουσι
306 962 399 1061 γάλα
414 975 544 1053 ἵππων,
565 965 623 1036 καὶ
636 958 793 1054 ἱππάκην
806 959 1003 1063 τρώγουσι·
1030 965 1142 1038 τοῦτο
1155 963 1193 1041 δ’
1209 968 1289 1040 ἐστὶ

190 1066 297 1168 τυρός
322 1079 457 1142 ἵππων·
495 1090 563 1137 non
585 1068 743 1136 dissimile
768 1069 837 1136 veri
859 1068 1046 1158 videbitur,
1072 1070 1173 1137 etiam
1195 1069 1290 1162 apud

190 1174 400 1265 Aeschylum
425 1171 512 1240 haec
539 1171 714 1240 coniuncta
742 1171 860 1258 fuisse,
899 1170 1035 1261 dequo
1064 1172 1189 1240 Strabo
1213 1173 1289 1240 vlt.

189 1300 224 1369 p.
240 1276 325 1344 300.
352 1274 411 1347 aci
423 1268 604 1364 Αἰσχύλος
617 1270 653 1346 d'
669 1274 838 1369 ἐμφαίνει
853 1273 1057 1372 συνηγορῶν
1073 1275 1291 1372 1ῷποιητῇ»

190 1373 305 1477 φήσας
318 1376 399 1472 περὶ
412 1378 484 1449 τῶι
501 1375 676 1449 Σκυθῶν·

293 1526 376 1604 ἀλλ’
394 1523 544 1626 ἱππάκης
560 1530 742 1625 βρωτῆρες
756 1526 907 1623 adnepos
922 1521 1081 1602 Σκύθαι.

190 1686 343 1778 Egregie
363 1685 410 1751 ita
432 1683 607 1773 vulgatum
628 1681 770 1778 ἱππικῆς
789 1681 942 1779 βοτῆρες
957 1681 1147 1751 emendavit
1160 1680 1292 1752 Casan·

189 1791 307 1857 bonus.
357 1779 543 1883 ‘lundonia
569 1777 757 1858 Σκυθικόν
775 1785 928 1880 βρῶμα,
955 1808 997 1855 ex
1011 1787 1109 1856 Aelio
1126 1783 1292 1878 Dionysio

65 1900 69 1913 '
189 1891 389 1961 memorarit
404 1887 598 1957 Eustatirius
611 1911 648 1980 p.
663 1884 750 1974 916,
770 1886 827 1958 lo.
853 1886 957 1977 (880,
976 1885 1056 1979 52.)

294 1994 333 2061 ln
347 1993 403 2078 iis,
430 2014 518 2081 quae
538 1990 698 2083 deinceps
718 1991 954 2083 narrabantur,
979 2014 1100 2085 pugna
1119 2013 1290 2060 memora·

190 2100 290 2167 batur
304 2095 480 2164 subeunda
490 2095 630 2163 Herculi
649 2118 727 2163 cum
740 2095 939 2186 Liguribus:
965 2096 1010 2164 de
1029 2118 1098 2185 qua
1110 2104 1293 2184 antequam

194 2202 376 2282 diceretur,
404 2220 444 2266 ea
469 2196 670 2265 crediderim
695 2199 805 2289 posita
825 2198 945 2283 fuisse,
972 2222 1060 2288 qnae
1085 2198 1237 2266 Galenus
1258 2200 1293 2267 in

192 2324 314 2371 comm.
323 2301 433 2394 prima
448 2300 493 2368 ad
505 2300 676 2391 Hippocr.
690 2299 850 2391 Epidem.
865 2301 922 2369 Vl.
939 2325 974 2392 p.
988 2299 1151 2388 41150.
1166 2302 1233 2369 voi.
1248 2300 1292 2370 V.

192 2405 247 2474 011
269 2405 348 2474 Bas.
373 2402 500 2494 (xvn.
521 2427 556 2495 p.
580 2401 667 2471 8111.
685 2403 740 2472 ed.
754 2404 865 2495 Lips.)
892 2402 1009 2490 affert,
1035 2406 1063 2473 si
1083 2404 1142 2473 illa
1158 2413 1236 2473 sunt
1250 2426 1294 2473 ex

193 2511 312 2579 Soluto
334 2506 542 2576 Prometheo
556 2507 677 2598 petita,
709 2513 747 2575 ut
762 2507 873 2599 primo
888 2507 933 2576 Η.
955 2506 1132 2599 Stephano
1153 2506 1293 2579 111Αο-

194 2611 351 2703 schylum
365 2635 400 2704 p.
418 2607 504 2678 356.
527 2610 651 2678 deinde
672 2609 891 2693 casaubono,
917 2611 1090 2699 Bentleio,
1117 2621 1151 2679 et
1168 2611 1293 2703 pleris-

193 2739 260 2805 que
279 2715 349 2782 aiiis
368 2713 475 2782 visum
493 2722 552 2798 est,
578 2735 656 2799 non,
682 2736 784 2801 quem
799 2713 948 2781 nominat
962 2713 1122 2798 Galenus,
1150 2713 1293 2781 01111111-

193 2828 258 2885 cto.
312 2817 469 2885 Vinctum
486 2824 578 2882 recte
598 2815 805 2885 nominatum
817 2816 988 2885 indicabat
1005 2817 1056 2886 vir
1069 2816 1210 2908 quidam
1227 2816 1294 2887 do-

195 2931 283 3006 ctus,
309 2927 347 2987 ut
369 2930 446 2986 ante
467 2918 588 2987 multos
614 2940 717 2986 annos
742 2942 763 2986 a
783 2919 839 2988 Fr.
860 2920 951 3013 Aug.
971 2920 1097 2989 Wolfio
1119 2921 1293 3012 accepisse

194 3023 345 3092 memini:
370 3022 478 3091 videri
492 3023 580 3089 enim
596 3022 802 3091 intercidisse
816 3045 931 3091 versus
948 3024 1023 3092 ilios
1038 3046 1116 3092 cum
1133 3025 1292 3116 complu-

194 3129 285 3196 ribus
305 3127 374 3195 aliis
394 3122 631 3197 1111011190.
658 3134 693 3193 01
712 3123 798 3194 191.
823 3125 878 3198 ed.
902 3125 1006 3195 Stanl.
1056 3126 1191 3195 Eadem
1211 3125 1293 3195 mihi

195 3252 333 3321 quoque
352 3230 493 3298 subnata
515 3229 624 3296 fuerat
639 3228 800 3319 suspicio,
827 3227 920 3318 quod
935 3228 975 3297 lo
990 3251 1054 3320 per
1069 3231 1292 3321 regionesse·

194 3332 444 3425 ptemtrionales
459 3340 493 3399 et
509 3330 730 3399 occidentales
743 3332 778 3398 in
791 3331 938 3422 Libyam
947 3341 1150 3423 perventura
1160 3333 1292 3401 dicere-

195 3447 259 3507 tur.
293 3434 346 3502 Ac
363 3457 405 3501 no
425 3434 529 3501 hodie
544 3433 681 3522 quidem
696 3442 806 3501 utrum
821 3434 944 3502 horum
956 3457 1073 3503 verum
1087 3459 1163 3504 esse
1181 3435 1292 3504 dicam

195 3540 273 3606 scio.
325 3538 444 3607 Neutri
468 3537 556 3604 enim
578 3537 761 3604 sententiae
777 3536 894 3626 deest,
921 3537 1014 3627 quod
1035 3562 1111 3607 eam
1131 3541 1217 3607 tueri
1240 3541 1291 3606 vi-

196 3643 335 3726 deatur,
361 3641 460 3708 etiarn
475 3640 501 3708 si
517 3638 596 3706 nihil
611 3639 794 3708 tribuamus
809 3640 926 3708 addito
941 3643 1149 3733 cognomini,
1171 3642 1205 3711 iu
1223 3665 1291 3732 quo

196 3747 250 3813 vei
265 3746 340 3836 ipse
358 3743 507 3812 Galenus
521 3743 577 3810 vel
592 3743 719 3811 librarii
733 3765 843 3811 errare
856 3752 1044 3835 potuerunt.
1084 3746 1175 3814 Nam
1188 3767 1292 3835 quum

196 3849 230 3914 in
250 3848 313 3914 iliis
333 3847 546 3939 fragmentis,
573 3846 720 3935 quisquis
742 3847 770 3914 is
791 3857 859 3932 est,
886 3848 1022 3937 quicum
1040 3849 1188 3937 loquitur
1203 3851 1292 3916 Pro-
1335 3902 1338 3909 .

197 3950 361 4033 matheus,
386 3951 462 4019 loca
474 3959 576 4017 vento
591 3948 704 4017 Borea
721 3950 843 4019 infesta
855 3950 1003 4018 aditurus
1018 3951 1158 4035 dicatur,
1185 3974 1291 4042 aeque

197 4052 233 4120 id
247 4062 281 4119 et
297 4053 330 4118 in
351 4053 440 4121 lonis
460 4064 494 4121 et
513 4054 546 4120 in
566 4053 721 4121 Herculis
742 4076 922 4144 personam
945 4054 1042 4122 cadit.
1094 4055 1134 4122 lo
1156 4055 1292 4145 quidem

198 4178 307 4245 nuper
321 4155 390 4221 visa
407 4166 457 4223 est
475 4179 540 4247 per
558 4156 717 4224 orientem
730 4157 765 4222 in
779 4157 924 4246 Libyam
942 4157 1074 4226 venire:
1101 4181 1204 4246 quam
1216 4182 1292 4227 sen-

197 4259 333 4326 tentiam
348 4259 522 4326 novissime
540 4257 691 4327 defendit
711 4260 924 4350 Rcinganum
937 4261 971 4327 in
984 4258 1090 4327 lahnii
1107 4262 1290 4347 annalibus,

150 4361 268 4433 231011
282 4362 319 4427 iis
334 4363 547 4452 argumentis,
570 4362 689 4450 quibus
706 4374 742 4430 ut
754 4363 837 4429 falsa
851 4365 961 4454 potius
978 4387 1081 4452 quam
1093 4387 1176 4434 vera
1189 4363 1291 4433 videri
