2842 4920
146 387 190 448 44
354 382 368 399 ''
483 380 541 441 ltu
575 375 854 441 PARTlCVLA
876 375 926 442 δν

149 565 283 668 τιιιὴν,
296 564 475 668 τετάρτην
500 570 538 645 dd
556 568 776 698 Αρροδίτης
795 571 865 643 καί
873 570 1101 666 Ερωτος,’
1083 597 1258 693 ερωτιιιην

150 673 286 800 ρανίαν
302 669 487 769 ἐφήσαμεν
502 700 543 746 τε
560 670 712 796 οίρίστην
727 670 838 752 εἶναι,
867 673 926 745 ιιαί
943 669 1006 745 οοίι
1028 670 1147 746 οἶδ’”
1125 701 1196 769 οπη
1212 668 1258 746 cd

152 770 324 898 ἐρωτινον
346 770 466 857 πείθοι
484 770 752 861 ἀπεικάζοντες,
781 777 862 856 ἴσως
886 775 954 867 μὲν
976 772 1137 898 οἷληθοῦι
1157 771 1258 857 τινδι

151 872 424 973 ἐφαπτόμενοι,
456 871 551 968 τοίχα
578 874 662 950 δ’”
638 908 683 950 αν
708 905 767 948 ναι
760 877 913 951 ἄλλοσε
941 870 1256 1000 παραφερόμενοι,

151 975 365 1077 περάσαντες
387 977 432 1054 ον’
458 978 691 1054 παντοίπασιν
722 976 906 1053 οἷπίθανον
929 975 1061 1107 λοήον,
1094 973 1257 1071 μοθινόν

151 1111 237 1155 τινα
249 1081 365 1174 ὕμνον
384 1083 673 1178 προιεπαίσαμεν
687 1083 842 1178 μετρίως
859 1110 901 1155 τε
921 1082 980 1154 ναί
1000 1074 1168 1179 εοφὴμως
1190 1076 1258 1154 τόν

151 1178 242 1278 ἐμόν
265 1213 306 1257 τε
326 1185 386 1257 ναὶ
409 1179 474 1258 σόν
496 1180 674 1282 δεσπότην
691 1184 863 1278 Ἔρωτα,
896 1213 922 1257 ω
952 1188 1107 1279 Φαῖδρε,
1140 1184 1258 1256 ιιαλοῖν

130 1287 337 1363 ,παίδων
316 1314 460 1382 εφορον.
511 1289 630 1356 Nam
620 1311 655 1355 m
677 1290 791 1380 priore
812 1287 934 1356 horum
954 1288 1107 1355 locorum
1130 1287 1259 1354 etiamsi

152 1383 248 1480 τοίχα
282 1390 431 1474 abesset,
462 1402 554 1459 recte
589 1400 747 1482 potuerat
778 1389 824 1462 οἲν
856 1391 1034 1483 participio
1058 1388 1156 1476 eddi,
1189 1411 1259 1479 quo

152 1492 412 1584 significaretur,
439 1492 584 1586 sisortc
599 1494 739 1563 animos
752 1516 824 1563 ποτε
840 1495 1041 1564 custoditos
1055 1492 1258 1585 deprehen·

152 1596 257 1667 dant.
309 1593 477 1681 Omittunt
495 1607 606 1664 autem
631 1596 676 1669 civ
699 1597 800 1687 aliqui
824 1597 936 1670 codd..
989 1597 1028 1664 ln
1049 1597 1154 1664 altero
1176 1592 1259 1663 vero

151 1700 226 1787 quis
251 1721 319 1766 non
342 1698 453 1786 videt,
479 1700 506 1767 εἰ
530 1700 707 1791 participio
731 1700 947 1768 substituatur
969 1700 1113 1790 simplex
1140 1699 1258 1783 oratio,

94 1851 97 1858 .
152 1801 334 1870 dicendum
348 1824 431 1884 esse,
452 1795 547 1888 τιίχα
560 1797 595 1873 δ’
609 1801 654 1872 οἳν
669 1801 796 1875 ἄλλοσε
810 1802 1132 1897 παραφεροίμεθα.
1159 1800 1259 1868 Vnde

150 1902 208 1972 hic
230 1925 366 1993 quoque
388 1902 433 1972 ἄν
456 1925 533 1969 cum
547 1903 652 1971 verbo
666 1915 893 1972 constructum
914 1928 987 1972 esse
1005 1914 1110 1995 patet.
1164 1903 1258 1972 Talis

152 2015 203 2075 est
217 2007 317 2075 etiam
330 2002 563 2097 Aristophanis
577 2007 672 2074 locus
686 2007 720 2073 in
735 2007 857 2097 Vespis
873 2031 905 2078 v.
923 2006 1009 2079 280.

317 2151 412 2246 τιίχα
441 2153 477 2228 δ’
504 2153 549 2228 οίν
576 2151 638 2231 δια
661 2151 729 2230 τδν
755 2151 920 2247 χθιζινδν
951 2156 1103 2255 οἷνθρω-

316 2286 408 2348 πον,
436 2260 474 2339 ὃς
500 2259 593 2356 ἡμεῖς
619 2254 774 2333 διεδύετ’

317 2364 521 2447 ἐξαπατῶν,
548 2365 657 2456 λέγων
683 2362 728 2491 pic

317 2464 378 2536 καὶ
404 2461 697 2589 φιλαθήναιος
673 2494 717 2563 ην
743 2464 803 2538 καί

316 2595 386 2640 ταν
412 2562 529 2663 Σοίμω
557 2596 698 2662 πρωτος
723 2564 909 2658 κατείποι,

316 2664 379 2740 δια
403 2672 494 2743 τοῦτ
500 2668 740 2769 ὀδονηθείς,

307 2767 391 2842 ἐἶτ
418 2775 498 2852 ἴσως
524 2780 640 2846 νεῖται
665 2775 862 2872 πυρέττων.

151 2925 241 2992 Nam
256 2924 337 3013 quid
352 2926 444 2992 aliud
462 2927 551 2995 istud
566 2928 795 3018 participium,
823 2948 925 3014 quam
940 2926 1074 2994 brevior
1093 2925 1260 3014 quaedem

153 3027 290 3094 dicendi
299 3030 385 3096 ratio
395 3040 455 3117 est,
471 3040 640 3097 contracta
649 3054 690 3098 ex
699 3054 751 3115 eo,
766 3031 859 3120 quod
868 3030 968 3121 plene
978 3029 1156 3115 diceretur,
1173 3022 1259 3116 τάχ’

153 3130 199 3222 οἷν
220 3127 436 3229 ὀδυνηθείη,
470 3133 530 3203 ιιαί
552 3130 631 3204 εἶτα
649 3140 766 3205 νεῖται
790 3127 1007 3224 πυρέττων.ρ
1029 3132 1147 3221 ltaque
1172 3132 1259 3198 eius·

153 3233 247 3302 modi
268 3235 380 3324 potius
403 3237 485 3302 locis
505 3234 667 3302 utendum
682 3246 754 3302 crat
769 3235 976 3316 Schaefero‚
1003 3236 1109 3322 qualis
1130 3233 1187 3303 hic
1210 3241 1260 3301 est

153 3335 387 3406 Andocidisin
405 3359 455 3408 or.
478 3335 521 3403 de
540 3346 677 3426 myster
694 3336 781 3408 117.
803 3360 838 3426 p.
858 3335 923 3410 „15
951 3335 1125 3409 sive136
1145 3336 1274 3408 ΒεΙιΙι.’

154 3433 216 3510 58.
236 3437 354 3510 Reisk.
383 3439 470 3533 φέρε
485 3432 530 3533 δη
541 3439 680 3526 τοίνυν,
706 3467 732 3510 ω
723 3433 886 3530 ἄνδρες,
912 3434 1007 3529 τοίχα
1023 3467 1092 3557 ηαρ
1108 3439 1153 3510 οἲν
1167 3431 1261 3509 oded

153 3534 334 3634 βούλεσθε
350 3542 565 3628 πυθέσθαι,
594 3569 612 3610 ο
605 3538 671 3613 δὲ
689 3540 849 3620 Καλλίας
864 3569 899 3614 τι
895 3537 1140 3661 'fluvio'pwoc
1155 3539 1261 3634 ἐτίθη

153 3672 221 3740 την
235 3639 428 3738 σωτηρίαν
481 3594 652 3740 Omittitn
627 3672 673 3715 αν
690 3643 799 3711 codex
813 3667 914 3732 unus,
940 3647 1053 3712 nescio
1074 3668 1117 3711 an
1141 3666 1160 3710 e
1182 3665 1260 3709 cor-

29 3750 33 3766 '
153 3747 302 3816 rectione
330 3737 513 3836 cuiuspiam
545 3747 764 3838 grammatici.
824 3748 870 3815 At
901 3749 975 3836 quis
1003 3771 1072 3816 non
1103 3747 1261 3837 corrigat.

152 3843 249 3936 τοίχοι
263 3840 333 3940 γοῖρ
353 3846 398 3919 ἄν
408 3841 610 3939 βούλοισθε
626 3845 844 3922 πυθέσθαι.ρ
870 3851 1028 3918 Similiter
1036 3849 1262 3940 peccetumiu

154 3950 357 4043 quibusdam
371 3951 462 4019 libris
477 3951 646 4020 Herodoti
662 3952 752 4025 Vlll.
768 3950 854 4026 136.
871 3953 997 4043 dequo
1017 3954 1097 4021 loco
1112 3953 1148 4019 in
1165 3959 1261 4043 opte-

154 4054 213 4124 tivi
225 4053 447 4144 explicatione
463 4054 603 4128 dicetur.
1260 4116 1271 4132 ..

256 4157 333 4225 Non
349 4167 400 4223 est
417 4157 474 4223 hic
493 4159 621 4227 silentio
637 4158 900 4251 praetereundus
914 4160 1008 4228 locus
1025 4150 1260 4249 Aristophauis

153 4264 188 4328 in
203 4260 293 4329 Pace
307 4258 513 4333 v.1028‚in
528 4284 597 4351 quo
614 4286 669 4330 me
684 4264 754 4330 iure
768 4264 894 4330 notavit
908 4265 1084 4331 Dobraeus
1098 4285 1134 4352 p.
1150 4260 1260 4349 (llo)

47 4411 49 4415 -
155 4362 248 4455 quod
271 4363 306 4432 in
324 4362 435 4437 Elem.
459 4364 503 4437 l).
523 4364 575 4437 M.
605 4360 711 4440 ὀπόπ
742 4366 786 4440 ἄν
810 4359 924 4465 χρεών
951 4370 1028 4442 ἐστι
1055 4364 1258 4456 reliquerim.
