2842 4920
190 291 233 414 sn
531 342 604 404 οι.
624 311 964 404 ιιιιιιοιιιιιι
1016 425 1019 430 ¹
1122 394 1126 404 .

190 529 313 624 hendi,
339 532 433 627 quod
456 535 582 627 legitur
605 532 699 627 apud
714 532 902 603 Lucianum
917 531 1063 626 Fugitiv.
1086 529 1147 601 24.
1169 532 1215 603 Τ.
1238 534 1299 607 111.

190 665 225 735 p.
249 639 335 709 377.
358 636 559 731 κατίωμεν,
586 636 631 721 τίς
654 636 722 710 νῦν
747 633 888 728 ὀλίγους
907 633 1029 710 αῦτοῦν
1050 634 1301 732 ἐπιτρίψωμεν

192 738 360 841 σήμερον.
394 741 466 810 Sed
483 741 547 808 ulia
565 742 612 808 rbr
627 748 736 809 exstat
749 742 924 830 scriptura,
952 736 996 819 cic
1018 734 1083 811 οῦν
1103 737 1170 829 ἄν,
1189 763 1301 831 quarn

169 928 170 934 ἵ
192 855 347 938 apertum
364 853 414 912 est
429 851 487 911 aut
501 836 688 934 optativnnr
705 851 763 911 aut
775 843 925 911 futurum
941 843 1125 931 requirere,
1150 869 1197 933 οις
1209 867 1301 912 πονο

191 950 412 1042 significante
462 945 596 1014 Eadem
617 948 745 1016 ratione
762 940 849 1036 τάχ’
872 943 918 1018 οἷν
940 944 1055 1014 futuro
1077 945 1182 1013 iunxit
1198 947 1300 1015 Anti-

192 1053 335 1121 sthenes
346 1049 528 1141 rhetor‚p.
552 1048 612 1118 30.
636 1045 672 1145 §.
693 1040 777 1136 6
761 1049 812 1138 (p
836 1044 898 1115 58.
924 1046 1117 1139 Reiskfl)
1094 1075 1133 1128 ος
1153 1049 1300 1143 πρῶτον

175 1155 259 1248 ιμέν
281 1149 347 1227 οῦν
367 1147 480 1225 οἶσθα
507 1148 634 1226 οὐδ’
612 1145 1021 1244 οποςέδιιμοίχεσθοι,
1048 1146 1152 1239 ἀλλ’,
1185 1149 1300 1277 ὥςπερ

191 1254 232 1337 ῦς
255 1254 378 1350 ἄγριος
418 1249 510 1350 ὀργῇ
538 1249 757 1350 φερόμενος,
789 1247 876 1343 τάχ’
901 1251 948 1324 οίν
970 1279 1061 1326 ποτε
1091 1248 1301 1336 ἀποκτενεῖς

192 1352 372 1435 οεαντῦν,
398 1382 492 1449 sange
515 1351 795 1452 περιπεοοίντῳ.
846 1357 987 1445 Deque
1007 1378 1077 1423 non
1096 1357 1206 1448 magis
1228 1357 1300 1425 dn·-

191 1461 363 1529 bitandum
384 1460 464 1548 quin
477 1468 571 1528 recte
592 1460 718 1529 dictum
739 1429 798 1546 sit,
823 1481 926 1548 quarn
948 1456 1054 1526 de
1007 1486 1084 1532 νον.
1117 1457 1299 1552 Euripides

191 1563 246 1632 El.
263 1560 350 1632 485.

357 1696 425 1771 νῦν
451 1693 506 1772 ἐτ’
533 1697 589 1772 ἔτι
615 1693 749 1793 φόνιον
772 1693 846 1772 ῦπῦ
871 1700 980 1795 δέραν

356 1799 502 1894 ὄψομαι
529 1799 621 1893 αἷμα
648 1802 761 1890 χυθὲν
787 1796 943 1897 οιδοίριμ·

191 1951 661 2023 Lucienfliaimeretnxl.
684 1951 1013 2044 surripere.
1039 1947 1206 2051 περίμοίρ
1225 1952 1300 2028 νῦν

192 2056 282 2130 ἐτοῖν
300 2053 367 2126 νῦν
391 2082 410 2126 ο
436 2045 580 2134 ποίππος
599 2049 808 2152 διηγήσεταί
831 2081 908 2146 σοι,
943 2057 1016 2148 είμε
1046 2057 1130 2152 ζῇ
1108 2085 1175 2130 su.
1227 2056 1301 2126 Sed

192 2155 624 2249 innnstoph.nv.1314.

357 2285 452 2380 ταχῦ
479 2288 567 2366 δ’*
542 2321 588 2367 αν
614 2287 825 2416 πολμοίνορα
850 2286 961 2368 τοίνδε
987 2285 1095 2367 πόλιν

356 2400 457 2469 καλεῖ
481 2421 536 2478 τις
570 2391 783 2493 ινθροίπων,

191 2530 250 2601 nbi
272 2529 440 2626 Rersrgrus
460 2555 496 2625 p
520 2533 605 2602 101.
625 2537 728 2606 καλοῖ
746 2543 875 2616 tuetur,
900 2532 1026 2623 quinci
1048 2530 1094 2606 οίν
1112 2529 1300 2625 probabili-

90 2633 93 2641 ’
191 2643 296 2704 tutem
318 2635 367 2703 rei
393 2655 520 2728 augere
536 2638 651 2757 potins
678 2660 782 2726 quarn
804 2637 953 2704 minuere
976 2638 1083 2705 visum
1106 2645 1177 2722 est,
1218 2633 1299 2703 nihil

192 2759 328 2830 prorsus
351 2760 419 2830 ego
438 2739 586 2808 invenire
604 2761 693 2829 queo
715 2761 784 2829 quc
799 2739 948 2807 futurum
968 2739 1167 2822 defendam,
1190 2760 1299 2829 prae-

149 2880 150 2883 =
193 2841 370 2929 feramque
394 2842 545 2931 quamvis
570 2864 757 2935 paucorum
785 2842 948 2910 librorum
970 2844 1157 2935 scripturae
1182 2844 1298 2927 καλοῖ,

149 2997 154 3005 ,
191 2943 362 3035 plerisque
394 2943 579 3013 docturum⁴
598 2946 773 3037 probatae.
833 2943 1014 3013 Caeterum
1043 2954 1136 3014 recte
1167 2944 1202 3010 in
1230 2943 1299 3010 hoc

192 3068 291 3115 versu
304 3069 413 3137 nuper
427 3045 471 3115 G.
486 3047 699 3117 Dindorfium
710 3041 781 3121 τοίν
793 3042 900 3121 πόλιν
918 3047 1051 3118 dedisse
1064 3057 1160 3141 puto,
1178 3046 1299 3114 velim·

156 3196 160 3204 -
193 3171 261 3240 que
280 3150 381 3217 etiam
397 3143 493 3239 ταχῦ
511 3149 581 3223 τῦν
599 3151 709 3218 scribi.
760 3149 923 3242 Adiungit
938 3151 1107 3244 Reisigius
1125 3148 1298 3240 Euripidis

192 3253 306 3320 locum
319 3252 454 3321 Heracl
468 3249 554 3320 769.
568 3269 672 3341 quem
686 3253 733 3320 rte
745 3251 874 3320 scnbrt
906 3249 1042 3326 οῦποτε
1062 3252 1212 3327 θνατοῦν
1234 3249 1299 3349 ἥσ-

194 3354 294 3433 οονες
307 3380 379 3426 ποτ
418 3349 464 3425 οίν
482 3350 577 3446 ἔνεμ’
591 3380 682 3446 εμου
696 3381 911 3448 φανοῦνται
937 3352 1086 3423 Libri’'
1048 3351 1119 3429 ειτ’
1138 3381 1229 3448 εμον
1215 3354 1299 3423 vel

65 3546 67 3550 ⁴
195 3449 278 3527 οῦτ
303 3453 403 3546 ἐμοῦ.
457 3453 556 3540 Quae
587 3454 643 3523 hic
670 3455 847 3524 Elmsieius
877 3454 947 3524 duc
974 3456 1167 3527 foedissima
1193 3457 1299 3526 latere

193 3555 317 3625 menda
336 3564 450 3648 putat,
475 3558 655 3651 repetitum
677 3559 768 3632 ποτέ
791 3556 871 3627 et
845 3585 892 3632 αν
907 3559 1057 3630 ἱιιιιοιιιιιι
1069 3559 1204 3646 futuro,
1230 3583 1299 3628 non

193 3659 319 3728 menda
334 3669 427 3747 sunt,
454 3660 516 3729 sed
535 3671 628 3730 recte
643 3661 830 3786 ρὀιιιροεὶιο
844 3662 963 3736 oratio.
1014 3661 1077 3732 lua
1093 3663 1206 3757 potius
1229 3662 1298 3731 duo

193 3762 311 3831 vitiosa
339 3770 432 3851 sunt,
466 3760 538 3836 εἴτ’
566 3764 680 3857 ἐμοῦ
719 3772 754 3833 et
780 3763 878 3886 quod
903 3777 1029 3837 numen
1057 3767 1298 3838 substantivum

137 3948 139 3955 .
183 3852 316 3961 'deest
348 3861 535 3956 Vtrumque
548 3867 748 3958 removeris,
770 3868 798 3936 si
815 3868 1003 3961 scripseris.

359 4006 450 4098 Ζεῦς
468 4043 535 4110 μοι
555 4013 763 4113 σύμμαχος,
783 4015 834 4094 οῦ
853 4018 1007 4117 φοβοῦ-

358 4139 447 4212 μοι·
474 4115 565 4202 Ζεῦς
577 4149 645 4214 μοι
659 4116 768 4219 χοίριν
783 4121 924 4205 ἐνδίκοις

357 4222 450 4310 ἔχει·
477 4221 613 4297 οὔποτε
628 4224 777 4299 θνατοίν

357 4319 486 4419 ἤσσονς
501 4324 586 4400 θεοί
598 4329 687 4402 ποτ’
702 4327 748 4402 ῦν
765 4324 855 4422 ἐνμ’
867 4330 950 4422 ἐμοι
942 4326 1175 4426 φανοῦνται.
