2842 4920
459 386 936 453 DISSERTATIO.
1193 393 1258 455 298

150 588 286 648 estnon
294 586 437 671 potest:
463 578 659 670 meliusque
673 579 777 649 ultra
793 601 904 671 quam
915 579 1014 648 citra
1029 587 1106 648 atat
1123 579 1252 648 oratio

150 683 367 771 Quicumque
392 690 526 751 utuntur
546 681 757 774 hyperbole,
789 690 925 750 utuntur
946 690 1148 774 propterea,
1176 685 1254 772 qnia

149 810 218 854 non
233 784 362 853 habent
376 807 445 876 quo
463 786 543 853 satis
566 785 753 876 exprimant
766 795 927 875 quantum
949 787 990 853 sit
1002 785 1039 853 id
1052 783 1100 854 de
1116 808 1184 875 quo
1200 788 1253 854 lo-

149 897 308 979 quuntur.
359 890 477 978 ltaque
492 888 699 980 *praedicant
717 889 761 958 de
784 910 826 956 eo
850 889 975 979 aliquid
999 889 1092 978 quod
1113 888 1253 957 modum

149 990 313 1078 excedat,
341 1015 407 1060 non
423 1014 492 1081 quo
514 990 549 1059 id
569 991 661 1059 credi
680 991 743 1060 sibi
763 991 883 1075 velint,
910 991 970 1060 sed
993 1001 1046 1079 ut,
1073 1015 1178 1082 quum
1195 979 1298 1060 ni-ll

149 1097 254 1163 mium
268 1095 407 1183 dicitur,
434 1116 503 1162 non
527 1095 604 1162 satis
625 1095 690 1165 dici
707 1117 809 1185 posse
827 1097 885 1184 qui
898 1095 1038 1163 audiunt
1059 1095 1253 1186 intelligant.
1350 1156 1352 1163 s

150 1199 267 1283 Quare
295 1199 402 1266 omnis
424 1197 616 1290 hyperbole
641 1199 795 1265 concitati
824 1209 875 1266 est
898 1200 1125 1287 commotique
1154 1199 1254 1266 animi

149 1303 293 1393 signum.
346 1300 449 1387 Quod
472 1301 500 1368 si
522 1324 650 1393 genera
664 1300 833 1391 quaedam
848 1300 1081 1369 constituenda
1093 1311 1169 1369 sunt
1185 1302 1254 1392 by-

149 1405 332 1496 perbolae,
360 1404 518 1496 distingui
536 1428 577 1471 ea
596 1412 732 1496 oportet
753 1423 818 1495 pro
837 1404 1028 1473 diversitate
1050 1405 1151 1472 animi
1166 1404 1254 1473 affe·

150 1509 308 1576 clinnum.
352 1504 506 1593 Quarum
523 1531 626 1597 quum
642 1515 735 1575 tanta
749 1517 783 1575 et
794 1508 937 1576 varietas
951 1509 993 1576 sit
1014 1516 1047 1575 ct
1059 1508 1257 1599 implicatio,

149 1611 329 1679 multarum
353 1611 452 1678 etiam
479 1611 638 1695 affinitas,
665 1619 703 1678 ut
725 1632 837 1700 neque
859 1611 1046 1679 enumerari
1060 1632 1175 1678 omnes
1190 1635 1271 1691 ne-,

149 1736 218 1804 que
232 1715 320 1783 inter
335 1736 372 1782 se
388 1715 552 1807 distingui
568 1735 671 1804 posse
685 1712 879 1782 rideantur:
905 1735 972 1787 non
987 1715 1081 1806 ipsae
1096 1713 1258 1781 conside-¹

149 1816 277 1885 rendae
297 1827 389 1900 sunt,
423 1816 484 1884 sed
508 1827 611 1886 status
632 1817 677 1884 illi
701 1816 824 1901 animi,
858 1815 902 1883 ad
932 1839 1016 1906 quos
1045 1817 1259 1886 referuntur:

149 1921 209 2010 qui
237 1929 314 1989 sunt
333 1926 475 1987 numero
501 1920 675 2012 perpauci.
727 1921 896 1988 Nam·aut
915 1920 1007 1988 nullo
1027 1935 1138 1988 sumus
1160 1928 1254 1987 motu

148 2016 353 2116 perturbati,
380 2023 491 2091 sedin
513 2023 728 2114 quotidianae
748 2024 835 2091 vitae
849 2024 1045 2091 remissione
1063 2024 1173 2090 subito
1194 2046 1255 2090 ex-

151 2129 293 2195 citamur
305 2127 424 2210 rebus,
452 2125 633 2216 dequibus
656 2148 767 2194 sermo
782 2126 917 2209 incidit3
943 2135 1003 2193 aut
1022 2127 1108 2195 serio
1128 2122 1261 2215 aliquid

151 2232 282 2322 agimus
305 2239 341 2298 et
361 2230 523 2297 contentis
547 2230 688 2315 viribus,
715 2252 888 2320 saepeque
911 2228 1175 2321 etiam-cupide3
1198 2237 1256 2296 aut

150 2335 248 2402 vacui
263 2334 307 2400 ab
324 2333 466 2424 negotiis
481 2334 627 2400 animum
647 2354 761 2401 rerum
779 2356 978 2424 magnarum
992 2334 1255 2424 pulcrarumque

128 2444 130 2463 '
151 2437 436 2527 contemplatione
453 2434 557 2502 modo
573 2436 810 2527 temperatius,
838 2437 942 2503 modo
961 2458 1068 2523 usque
1088 2434 1131 2501 ad
1147 2436 1254 2502 exsul-

150 2540 312 2608 tationem
337 2539 563 2618 oblectamus3
597 2548 654 2606 aut
680 2537 825 2624 denique
852 2538 1002 2604 simulata
1033 2534 1254 2628 perversitate

151 2655 249 2711 acute
263 2642 359 2710 dictis
373 2643 579 2733 petulantem
592 2642 695 2708 risum
714 2650 899 2729 captamus.
951 2639 1084 2706 Horum
1098 2649 1254 2726 quattuor

151 2747 251 2815 animi
266 2754 411 2813 statuum
426 2767 522 2812 suum
537 2745 665 2834 quique
680 2742 786 2810 habet
800 2760 912 2836 genus
926 2741 1155 2834 hyperbolae,
1181 2743 1254 2811 fere
1328 2741 1329 2745 ’

104 2882 108 2887 ·
150 2848 278 2919 illudyi
287 2857 321 2917 et
335 2857 504 2940 potestate
519 2849 627 2938 magis
636 2870 739 2937 quam
753 2846 868 2915 forma
878 2848 1047 2915 acaeteris
1061 2845 1253 2914 discretum.

167 2983 169 2987 ⁷
254 2953 368 3042 Atque
392 2953 427 3018 in
446 2950 600 3019 familiari
629 2949 765 3040 quidem
793 2949 1032 3019 cousuetudine
1060 2950 1254 3040 saepissime

151 3057 276 3126 utimur
299 3054 509 3148 hyperbole:
535 3051 597 3122 sed
617 3052 778 3143 quoniam
797 3052 865 3118 hoc
888 3073 995 3144 genus
1019 3053 1179 3119 sermonis
1197 3076 1252 3120 re·

151 3160 290 3230 missum
303 3168 355 3227 est
371 3159 543 3247 multaque
557 3165 782 3246 temperatum
798 3153 1014 3247 negligentia,
1041 3175 1255 3244 nonpaucae

151 3262 366 3355 hyperbolae
385 3263 432 3329 ita
449 3284 486 3330 se
506 3260 679 3353 paullatim
701 3259 735 3327 in
751 3280 847 3327 usum
868 3257 1089 3343 insinuarunt,
1115 3264 1153 3324 ut
1168 3280 1254 3325 non-

153 3367 319 3434 nullarum
333 3366 383 3433 ais
397 3388 486 3457 pene
502 3365 662 3432 exstincta
675 3363 726 3449 sit,
752 3372 789 3432 ut
806 3385 909 3453 quum
924 3360 1048 3429 Graeci
1063 3361 1167 3431 multa
1184 3387 1254 3453 μυ-

154 3467 228 3565 ρία,
253 3469 365 3537 Latini
376 3490 540 3560 magnum
554 3489 704 3536 saevum
717 3466 773 3534 vel
785 3466 953 3535 insanum
967 3472 1104 3532 vocant:
1130 3465 1164 3530 in
1176 3464 1255 3555 ple-

146 3571 266 3662 risque
289 3581 402 3642 autem
417 3571 517 3641 valde
535 3570 694 3638 hebetata
716 3571 899 3660 reperitur,
926 3575 963 3636 ut
980 3567 1073 3657 quod
1092 3567 1157 3634 iam
1176 3566 1254 3633 Ho-

151 3686 263 3743 merus
273 3675 365 3849 pixit
378 3677 467 3770 γέλῳ
482 3675 661 3750 ἔκθανον,
686 3674 742 3742 vel
761 3672 855 3762 quod
868 3694 971 3763 saepe
989 3678 1155 3755 oratores,
1181 3670 1254 3741 δέει

152 3771 270 3852 caduci
293 3806 332 3851 αι
347 3772 443 3851 uad
496 3773 612 3862 Quare
627 3775 695 3844 bae
715 3774 852 3866 quidem
868 3774 941 3842 lere
961 3794 1030 3839 non
1044 3781 1119 3840 sunt
1133 3771 1169 3838 in
1185 3772 1253 3841 vir-

152 3882 277 3950 tutibus
291 3872 705 3950 orationis'numerandae:
722 3868 847 3966 immo,
868 3875 1026 3966 quoniam
1040 3875 1144 3968 rugo
1158 3874 1254 3944 tritae
1362 3946 1364 3952 ,

88 4045 89 4048 ,
154 3992 247 4073 sunt,
274 4009 377 4079 saepe
399 3984 507 4054 minus
523 3983 646 4051 decent
659 3983 785 4052 cultum
803 3990 905 4070 atque
920 3978 1106 4071 expolitum
1122 3977 1255 4047 dicendi

178 4109 271 4158 enus.

152 4109 177 4237 g·
255 4191 332 4260 Alia
356 4190 440 4257 ratio
465 4197 516 4256 est
538 4189 687 4272 illarum,
715 4209 798 4276 quas
822 4187 856 4252 in
878 4183 1017 4277 agendis
1038 4186 1139 4252 rebus
1161 4185 1252 4252 seriis
1282 4164 1283 4168 Ἰ

153 4314 364 4385 usurpamus.
415 4287 545 4362 Earum
572 4312 696 4381 magna
716 4290 858 4357 varietas
875 4297 948 4374 est,
974 4286 1136 4375 multique
1159 4288 1254 4376 quasi

152 4397 297 4490 gradm,
321 4396 436 4488 prouti
460 4394 618 4464 sedatior·
631 4393 684 4462 vel
705 4391 904 4463 commotior
924 4398 974 4459 est
993 4389 1130 4458 animus.
1182 4388 1254 4458 Sed
