2842 4920
526 354 613 414 ΗΒ.
635 354 660 416 1.
706 355 802 420 CAP.
821 360 853 421 fl.
1204 362 1246 425 61

131 540 342 610 tendendum
371 542 545 631 iudicavit,
579 545 675 634 quod
695 546 728 616 iu
749 546 840 614 Nub.
865 541 977 619 1157.
1001 548 1076 617 libri
1097 548 1245 639 quidam,

131 647 166 712 in
180 647 288 735 iisque
309 647 488 715 Ravermas
502 647 647 735 habent,

286 795 392 872 οὐδὲν
410 795 479 897 yolo
500 800 546 873 οἲι
561 831 610 896 με
636 802 799 900 φλαῦροι
819 798 1016 899 ἐρητύοισθ’
1032 803 1099 907 ἔτι.

130 954 189 1021 ubi
210 954 268 1020 alii
290 953 366 1019 libri
391 950 609 1048 ἐργάσαισθ’
633 957 808 1044 exhibent,
845 979 912 1027 non
934 966 1006 1025 erat
1032 981 1092 1027 cur
1113 962 1148 1027 iu
1170 965 1243 1052 pari

131 1080 251 1124 caussa
269 1055 426 1124 eamdem
440 1060 723 1129 constructionem
737 1060 920 1128 damnaret.
972 1060 1046 1129 Sed
1064 1086 1175 1152 neque
1191 1065 1243 1132 his

130 1159 318 1250 quidquam
331 1158 567 1250 tribuendum,
593 1187 703 1253 neque
718 1164 838 1256 Eurip.
852 1162 1016 1233 Androm.
1032 1161 1117 1234 239.

287 1309 352 1386 ούκ
371 1312 417 1385 civ
435 1316 552 1413 σιωπή
566 1311 757 1414 Κύπριδος
771 1310 934 1413 ἀλγήσεις
949 1319 1032 1414 πέρι
1040 1346 1055 1410 ,·

130 1467 189 1536 ubi
200 1468 329 1558 pariter
342 1469 443 1539 codd.
464 1471 602 1558 quidam
615 1469 680 1544 ούιι
696 1467 744 1543 αύ
750 1527 765 1560 ,
791 1472 852 1538 viri
866 1471 959 1539 docti
972 1481 1085 1543 autem
1101 1471 1241 1546 odnouv·

131 1570 169 1637 ln
184 1570 396 1663 Tlresmoph.
416 1572 502 1645 814.
518 1596 584 1641 non
600 1586 692 1642 recte
709 1575 849 1666 legitur,

286 1720 368 1797 αλλ’
385 1721 487 1820 ἡμεῖς
504 1724 550 1797 oio
565 1718 720 1810 πολλούς
735 1719 876 1798 τούτων

285 1824 525 1922 α’ποὸεύξομεν
542 1829 661 1901 ταύτα
680 1829 886 1910 ποιοῦντας.

130 1983 198 2051 Vbi
214 2004 316 2072 quum
331 1981 385 2050 alii
406 1978 652 2072 ύποδιίξαμιν
666 1985 850 2076 corrigant,
877 1981 959 2050 mihi
973 1983 1086 2073 potius
1109 1990 1241 2048 servato

108 2090 110 2094 ’
132 2083 371 2177 α’πούούξομιτ
388 2085 520 2152 videtur
538 2081 589 2158 αύ
603 2109 667 2176 pro
686 2087 750 2175 ἄν,
779 2098 813 2156 'et
826 2079 925 2160 αύτοῖ
942 2109 1008 2177 pro
1023 2085 1142 2157 ταῦτα
1158 2085 1241 2153 scri·
1269 2148 1275 2154 ,

130 2189 279 2255 bendum
294 2212 386 2276 esse,
413 2197 450 2254 ut
468 2187 503 2255 hi
521 2187 589 2256 duo
603 2212 718 2259 versus
736 2190 770 2258 in
792 2214 896 2259 unum
912 2197 1142 2256 tetrametrum
1157 2211 1240 2256 con-

130 2294 318 2383 iungantur.
372 2290 477 2377 Quod
491 2293 651 2383 scripturn
666 2302 716 2360 est
736 2293 830 2384 apud
852 2292 1010 2382 Xenoph.
1026 2290 1157 2381 Ephes,
1179 2291 1238 2358 lll.

129 2394 164 2462 8.
188 2417 225 2484 p.
247 2392 308 2480 66,
332 2392 368 2464 9.
391 2389 435 2467 ού
454 2388 524 2487 γαρ
546 2396 720 2468 enucleo
740 2399 793 2488 μέ
813 2422 868 2475 τις
891 2397 1065 2481 ἐξέλοιτο,
1093 2389 1173 2464 οὐδ’
1195 2392 1241 2464 oio

131 2498 294 2588 ἐπίδοιμι
319 2491 386 2568 cdv
411 2494 536 2592 ήλιοιι,
564 2493 646 2569 οὐδ’
667 2496 714 2568 oio
737 2501 785 2579 εἰς
803 2497 877 2592 φύς
898 2490 1111 2584 ἐλεύσομαι,
1137 2496 1172 2562 in
1197 2519 1240 2563 eo

130 2601 259 2668 facilius
282 2599 369 2666 feras
385 2598 430 2671 civ
445 2599 559 2666 futuro
574 2599 744 2685 additum,
771 2622 874 2690 quam
887 2622 955 2667 non
971 2597 1123 2665 additum
1137 2605 1239 2687 opta-

131 2705 206 2771 tivo.
244 2702 316 2770 Sed
330 2703 398 2769 hoc
415 2724 523 2794 genus
540 2705 742 2795 scriptorum
755 2713 887 2774 nonest
904 2703 939 2771 in
957 2700 1117 2793 exemplis
1130 2722 1239 2792 purae

130 2805 280 2874 dictionis
294 2805 498 2874 habendum.

230 2909 276 2975 Vt
298 2910 428 2976 etiarn
415 2935 452 2988 ος
469 2908 515 2980 oio
537 2931 614 2975 curn
634 2908 748 2976 futuro
770 2930 1090 2992 commemorem,
1109 2907 1238 2974 inveni·

131 3021 183 3079 tur
200 3010 235 3078 id
256 3011 350 3102 apud
368 3011 556 3100 Polybium
569 3011 761 3080 xxxviii
777 3009 812 3096 5,
828 3012 863 3081 Ἰ.
881 3009 940 3082 καὶ
955 3010 1238 3126 προςεμέτρησει
1265 3058 1267 3063 2

131 3121 255 3206 ἕτερον
278 3109 450 3236 ψήφισμα
474 3137 708 3238 παραηομοι,
751 3109 837 3191 ύςτε
855 3107 1008 3238 τηριοος
1035 3104 1129 3180 εἶναι
1154 3102 1239 3187 τούς

131 3209 371 3308 ἀνθρώπους,
400 3215 459 3295 οὓς
476 3244 520 3288 αι
535 3214 592 3288 ἐπι
607 3213 807 3310 στρατηγίᾳ
824 3206 1051 3307 αἱρήσονται.
1103 3209 1216 3276 Vbi
1186 3232 1238 3277 vr-

131 3318 300 3404 dendum,
326 3318 482 3386 utrum
458 3347 503 3390 αι
529 3317 651 3401 deleri,
685 3341 746 3402 an,
779 3316 873 3408 quod
894 3311 1236 3405 Schweighaeuserus

129 3423 226 3502 fecit,
254 3415 475 3514 αἱρήσονται
493 3422 593 3487 scribi
610 3420 744 3505 debeat,
771 3421 815 3488 de
830 3442 898 3508 qua
913 3417 1025 3485 aoristi
1040 3417 1150 3484 torma
1166 3413 1237 3483 dis-

128 3524 258 3614 putavit
285 3523 478 3592 Lobeckius
509 3524 554 3590 ad
581 3523 708 3613 Phryn.
731 3547 766 3616 p.
790 3520 877 3590 716.
893 3544 988 3610 seqq.
1038 3517 1143 3609 Apud
1157 3519 1237 3586 Pla-

129 3641 242 3694 tonem
264 3625 308 3692 de
325 3626 437 3718 Legg
456 3627 532 3693 Xll
524 3650 580 3717 p
600 3625 687 3697 947.
704 3625 744 3695 C.
766 3634 858 3694 recte
874 3624 986 3693 Astius
1012 3644 1053 3688 ex
1072 3619 1238 3711 Stephani

130 3729 373 3817 emendatione,
403 3729 464 3807 οὕς
488 3728 533 3799 dv
558 3733 594 3799 οἱ
612 3722 846 3822 προςήκοττες
867 3754 935 3798 του
923 3716 1237 3818 τελευτήσαντος
1329 3754 1332 3759 ·

130 3825 360 3924 ἐπύρωνται,
397 3832 592 3898 confirmata
620 3831 664 3896 ab
692 3853 760 3898 uno
791 3829 965 3899 duobusve
995 3822 1106 3893 codd.
1148 3822 1236 3891 Vide
1348 3872 1353 3883 .

128 3934 343 4004 Lobeclrium
359 3934 403 4000 ad
415 3934 541 4023 Phryn
557 3956 592 4023 p
614 3931 728 4003 734.
750 3933 789 4000 ln
806 3929 1073 4020 Euthydemop.
1088 3925 1172 3995 290.
1192 3925 1234 3993 l).

130 4040 165 4108 εἰ
189 4033 278 4124 οὖν’,
305 4063 327 4156 η
315 4032 427 4112 d’‘'
405 4064 465 4116 oc,
492 4029 695 4126 διόμεθα’
677 4031 809 4132 εκείιης
827 4035 891 4130 τῆς
910 4035 1056 4127 τέχνης,
1088 4027 1183 4149 ήτις
1190 4028 1236 4099 cio

131 4134 159 4231 qi
180 4138 224 4210 οἷο
251 4133 425 4234 κτήσηται
452 4137 474 4226 ἢ
499 4163 681 4232 ποιησασα
703 4164 724 4232 η
756 4136 1032 4258 θηριοσαροίη,
1059 4126 1152 4225 αοτη
1177 4129 1236 4200 καὶ

94 4316 103 4336 ,
130 4237 364 4366 ἐπιστήσεται
375 4243 547 4336 χρῆσθαι,
574 4237 667 4325 ιιαὶή
685 4232 839 4333 τοιαύτη
853 4231 997 4362 ποιήοηι
1011 4232 1103 4330 ήμας
1117 4258 1235 4323 μακα-

131 4343 249 4440 ρίους,
278 4342 388 4439 ἄλλην
410 4339 454 4442 δή
472 4369 569 4434 τινα,
597 4344 687 4440 ἔφη,
714 4347 879 4439 ζητητέοι
896 4338 978 4416 duri
999 4341 1061 4434 τῆς
1079 4361 1235 4431 στρατη
