2842 4920
528 339 617 405 mn
640 339 694 403 m.
739 342 833 406 cur.
855 346 886 409 τ.
906 348 937 411 e
1207 355 1271 419 lor

161 531 325 602 effitornm
339 527 482 598 adhaec
500 529 605 598 verba
618 529 817 599 offendisse.
842 526 970 628 εογιίρ
985 537 1073 613 ἴστε,
1102 532 1269 637 ω”Αθη-

159 642 270 724 voice,
298 631 361 708 ὅτι
380 662 408 728 φ
394 630 597 707 πλεῖστοι·
613 634 811 753 διαφέρετε
830 661 904 709 των
927 634 1044 719 αλλων
1063 568 1269 760 ἀνθρώπων

159 738 210 834 τῷ
233 731 326 833 πρός
352 764 394 809 το
416 729 503 816 ‘roric
528 728 640 817 θεοιίς
666 732 828 829 εὐσεβεῖν
848 737 908 810 ταί
934 767 1024 835 προς
1047 767 1132 823 τους
1153 752 1270 839 γονεῖς

160 839 262 920 ὁσίως
285 838 346 911 καί
372 833 465 935 προς
485 865 554 935 την
561 839 734 963 πατρίδα
761 839 1005 933 φιλοτίμως
982 871 1096 932 εχειτ,
1131 840 1268 922 τούτου

159 947 328 1017 πλεῖστοι
354 937 502 1035 ἀμελεῖν
527 933 715 1024 udices*
688 970 755 1030 αι,
782 944 816 1013 εί
839 970 906 1032 την
927 968 1001 1040 παρ
1040 944 1141 1040 ὑμῶν
1161 946 1269 1033 οὗτος

158 1039 329 1141 διαφύγοι
348 1041 539 1140 τιμωρίαι.
592 1042 634 1113 ld
648 1044 863 1114 scribendum
882 1056 967 1139 puto
986 1042 1168 1133 odgari
1142 1079 1196 1123 αι

669 1386 759 1456 vin

245 1574 313 1646 De
344 1571 560 1667 optativo
587 1592 684 1640 cum
710 1571 763 1645 ἄν
783 1596 873 1666 pro
892 1579 1171 1670 praeterito

256 1763 334 1833 Alia
355 1784 437 1831 vero
461 1762 495 1830 iu
515 1770 707 1852 temporum
728 1762 858 1830 ratione
879 1750 1043 1832 dubitatio
1061 1788 1135 1834 sese
1154 1767 1266 1856 offert,

155 1865 182 1936 si
201 1868 247 1936 rie
263 1865 495 1960 praesentibus
516 1873 551 1933 et
570 1865 760 1956 praeteritis
781 1866 982 1956 quaeritur.
1012 1868 1101 1936 Nam
1121 1871 1184 1938 etsi
1202 1898 1267 1944 πε-

155 1965 301 2067 ποιήκοι
321 1997 368 2042 ατ
382 1977 500 2061 aperte
514 1969 686 2059 praeteriti
702 1970 864 2060 temporis
886 1970 1092 2041 notationem
1110 1974 1266 2061 continet,

154 2081 265 2141 tamen
286 2072 356 2141 hoc
377 2094 515 2162 quoque
533 2093 603 2138 non
624 2071 731 2139 minus
745 2071 791 2138 ad
807 2072 958 2141 futurum
971 2072 1061 2142 trahi
1071 2084 1204 2167 potest,
1229 2089 1268 2146 ut

154 2177 281 2245 facturn
294 2176 377 2266 quid
396 2174 471 2244 fore
488 2174 710 2268 significetur,
737 2198 840 2266 quam
853 2182 957 2249 ποιοῖ
970 2173 1017 2249 oio
1034 2185 1068 2245 et
1081 2171 1266 2274 ποιήσοιεν

154 2277 207 2351 ἅτ.
259 2278 308 2347 Et
323 2288 436 2348 tamen
448 2278 512 2346 ista
528 2277 639 2345 omnia
657 2278 758 2347 etiam
771 2301 841 2348 non
856 2280 961 2347 modo
975 2282 1179 2371 praesentis,
1205 2280 1267 2351 sed

153 2381 239 2452 adeo
254 2382 429 2475 praeteriti
443 2381 722 2474 significationem
735 2381 871 2451 habent
923 2382 1032 2451 Huius
1052 2385 1102 2452 rei
1115 2384 1201 2452 ratio
1219 2386 1266 2453 sic
1381 2466 1386 2473 ·

153 2494 204 2554 est
215 2484 327 2553 animo
338 2484 563 2556 informanda.
603 2482 723 2553 Manet
744 2507 805 2553 sua
821 2485 943 2573 cuique
957 2487 1105 2576 tempori
1119 2488 1179 2554 vis,
1220 2487 1266 2555 Et

153 2590 293 2658 aoristus
308 2587 445 2679 quidem
459 2587 631 2680 praeteriti
649 2610 754 2677 quum
768 2587 908 2679 proprie
922 2585 958 2654 id
974 2586 1068 2677 quod
1085 2588 1264 2679 aliquando

152 2693 280 2760 factum
295 2692 337 2760 sit
354 2692 533 2784 significet,
558 2691 755 2760 transfertur
772 2691 874 2759 adea
893 2691 1017 2778 omnia,
1044 2714 1131 2782 quae
1146 2692 1264 2761 utiam

151 2796 305 2887 perfecta
325 2794 466 2887 cogitari
484 2793 655 2879 volume,
682 2794 752 2863 sive
768 2817 807 2863 ea
823 2795 1067 2887 anteperfecta
1086 2796 1168 2886 siut,
1194 2797 1263 2864 sive

151 2922 256 2984 nunc,
283 2897 353 2969 sive
372 2908 513 2990 postero
536 2906 711 2988 tempore,
737 2899 783 2965 ita
807 2907 940 2982 tamen,
968 2906 1005 2965 ut
1029 2922 1135 2988 quum
1159 2899 1264 2968 dere

150 3011 330 3093 praesente
358 3002 415 3069 vel
435 3001 550 3068 futura
575 2998 712 3086 dicitnr,
738 3000 976 3091 cogitationem
996 3009 1126 3069 tantum
1145 3001 1262 3094 perfe-

153 3105 268 3173 ctiouis
289 3104 468 3192 contineat,
492 3103 641 3194 ideoque
658 3102 714 3170 vei
731 3102 816 3193 ipse,
842 3102 925 3169 utin
942 3102 1142 3193 imperativo
1156 3105 1211 3173 vei
1228 3104 1261 3171 in

152 3209 303 3300 optativo
320 3230 399 3275 cnm
414 3205 461 3279 ἄν
467 3261 481 3295 ,
509 3207 749 3298 cogitationem
765 3203 899 3291 indicet,
921 3206 977 3273 vel
993 3228 1035 3272 ex
1050 3205 1157 3275 verbo
1173 3229 1261 3298 pen.-

151 3311 232 3379 deat
246 3332 315 3401 quo
330 3310 414 3401 quid
429 3310 569 3401 cogitari
587 3309 802 3402 significetur.
856 3308 1026 3393 Quoniam
1039 3317 1153 3377 autem
1173 3332 1261 3400 qnae

151 3414 218 3482 iarn
233 3413 388 3506 perfecta
409 3436 483 3482 esse
503 3412 711 3506 cogitantur,
736 3421 935 3480 vacuarunt
958 3412 1094 3481 notione
1113 3413 1260 3484 durantis

151 3517 241 3604 iacti,
265 3539 473 3607 consequens
487 3524 539 3585 est
551 3538 619 3584 uon
630 3539 732 3608 posse
747 3517 900 3607 usurpari
913 3517 1082 3599 aoristum‚
1109 3517 1167 3586 ubi
1179 3517 1259 3607 quid
1382 3555 1386 3573 ·

151 3628 188 3688 ut
208 3618 359 3688 noudum
376 3620 420 3687 ad
443 3620 547 3689 finem
565 3619 786 3712 perductum,
814 3618 960 3709 ideoque
983 3619 1037 3686 vel
1060 3617 1182 3687 durans
1195 3619 1259 3686 ad-

150 3722 236 3810 huc,
263 3725 376 3791 velex
396 3723 546 3793 eiusdem
569 3722 707 3790 actionis
725 3721 877 3790 nondum
893 3722 1046 3789 absoluta
1060 3722 1259 3813 repetitione

151 3835 305 3895 constans
329 3827 473 3918 cogitari
490 3827 663 3912 volumus,
688 3824 749 3893 sed
764 3824 809 3893 ad
823 3848 863 3893 ea
880 3825 1068 3916 pertinere,
1095 3847 1183 3915 quae
1205 3827 1259 3895 vel

149 3929 246 3997 brevi
259 3938 431 3998 momento
446 3930 609 4023 temporis
625 3928 680 3998 vei
701 3929 806 3996 semel
825 3928 916 3996 facta
932 3927 1156 4018 intelligimus.
1206 3928 1259 3998 lta

150 4041 264 4125 patet,
290 4055 427 4102 manere
443 4032 617 4125 propriam
638 4031 750 4099 aoristi
770 4032 838 4098 vim
851 4030 886 4097 iu
911 4030 1000 4099 omni
1022 4031 1093 4099 eius
1107 4053 1187 4122 usu,
1213 4033 1257 4101 li-

151 4143 205 4204 cet
229 4135 341 4226 prima
367 4137 483 4229 specie
505 4136 736 4205 diversissimo.
794 4134 884 4202 Hinc
905 4133 983 4202 iliae
1005 4134 1256 4204 observationes

150 4241 448 4330 grammaticorum
463 4240 669 4308 verissimae:
694 4236 867 4330 Apollonii
885 4236 936 4305 de
949 4239 1089 4329 Syntaxi
1110 4238 1170 4311 111.
1193 4237 1253 4312 24,

148 4365 187 4434 p.
207 4337 294 4410 251.
325 4341 431 4432 (253.
450 4343 580 4436 Bekk.)
602 4333 706 4440 ὁγοίρ
724 4334 1019 4437 ἀποφαινόμενος
1033 4337 1139 4426 οὕτω,
1165 4335 1255 4437 γροί-
