2842 4920
196 349 262 413 210
561 338 933 405 EMENDATIONES

198 537 237 604 ln
254 532 331 602 eod
351 531 440 601 Mnt.
465 530 560 621 qnod
580 532 720 625 legitur,
746 532 805 604 καὶ
827 524 964 624 πτερόν
988 531 1213 621 ἰθυνθέντα,
1241 534 1304 601 etsi

199 639 306 707 videri
322 644 434 729 potest
447 658 490 704 ex
506 635 566 707 καὶ
580 630 714 733 περόνῃ
733 627 896 707 θυόεντα
912 641 1109 722 corruptum
1131 658 1221 722 esse,
1248 647 1304 703 ta·

148 747 198 817 13
207 765 297 830 men,
323 749 361 808 ut
375 741 409 807 in
430 739 526 826 leco,
552 739 587 805 in
610 762 679 828 quo
701 740 770 807 sine
791 738 954 805 librorum
978 737 1098 805 auxilio
1114 738 1194 805 nihil
1219 740 1305 807 certi

199 844 312 914 afferri
325 852 456 936 potest,
483 863 553 910 non
568 843 702 910 omnino
722 842 918 934 spreverim.
970 841 1070 926 Nam,
1097 850 1134 908 nt
1147 850 1226 932 pest
1243 841 1305 914 καὶ

197 940 331 1043 περόνῃ
351 945 535 1015 exciderint
556 946 673 1013 similia
691 946 753 1013 illis
772 942 865 1035 apud
885 944 1060 1031 Nonnum,
1086 944 1168 1013 nihil
1190 945 1304 1038 impe·

198 1051 247 1119 dit
259 1052 339 1141 quin
357 1049 480 1117 deinde
493 1050 560 1116 tale
576 1048 657 1139 quid
678 1046 810 1116 dederit
825 1045 1008 1134 Coluthns‚

247 1203 307 1276 καί
326 1196 460 1277 πλόκον
476 1202 679 1276 ἰθυνθέντα
696 1192 923 1296 διαστήσασα
940 1197 1110 1293 νομαίων,

197 1356 292 1447 qnod
309 1357 422 1449 ipsum
440 1354 547 1424 sideri
563 1363 676 1448 potest
693 1376 891 1447 expressum
911 1376 985 1422 esse
1001 1377 1043 1423 ex
1061 1353 1176 1422 Nonni
1191 1353 1304 1423 verbis

198 1459 320 1528 eodem
334 1461 411 1527 loeo
423 1480 455 1527 v.
473 1456 533 1526 12.

249 1588 401 1670 πολλοίκι
419 1592 453 1669 δ’
472 1588 644 1682 ἰσοίζοσσα
664 1594 886 1685 καθειμένον
900 1591 986 1690 οίχρι
1001 1587 1173 1686 μετιίποο

250 1699 471 1821 κολαζομένης
485 1699 613 1793 ἔστησε
629 1690 814 1793 μετήλυόα
829 1692 967 1790 κόσμον
983 1695 1135 1794 ἔθείρης.

197 1851 452 1921 Distinetionem
478 1842 673 1942 πλοκοίμων
697 1858 731 1918 et
752 1847 897 1947 χαίτης,
933 1874 1022 1940 quae
1046 1859 1096 1919 est
1112 1873 1134 1917 a
1153 1847 1305 1919 colutho

198 1956 305 2042 facta,
331 1963 423 2023 recte
438 1952 613 2044 Hesychia
627 1961 764 2024 auctore
779 1954 881 2022 tuitus
897 1964 948 2024 est
964 1954 1120 2027 lulianus.

299 2091 342 2165 V.
363 2090 423 2160 86.

249 2221 409 2323 σήμερον
424 2223 573 2321 α’χλοιΐαι
593 2252 640 2317 με
656 2217 879 2322 διακρίνουσι
894 2218 1098 2323 προςσίπων.

198 2379 324 2466 Quidni
339 2381 451 2472 potins
469 2377 737 2475 διακρινέουσιλ

299 2484 341 2555 V.
356 2480 417 2552 90.
444 2482 543 2551 valde
559 2483 698 2575 languet
712 2478 768 2556 oe'ai
786 2481 821 2551 ln
832 2481 883 2550 his
899 2480 1027 2567 verbis,

249 2635 308 2709 καί
322 2638 489 2728 πολέμων
503 2634 693 2729 βασίλειαν
709 2630 766 2707 del
783 2637 971 2707 καλέουσιν
983 2626 1171 2732 Ἀθήνην,

199 2798 237 2857 nt
263 2812 332 2858 non
353 2788 573 2859 dubitandum
601 2787 769 2870 videatur,
803 2788 883 2877 qnin
904 2788 1051 2879 genuina
1075 2787 1243 2878 scriptura
1265 2788 1306 2856 sit

200 2892 447 2965 ἐπικλείουσιν.
499 2892 598 2977 Quae
612 2891 722 2960 statim
735 2891 780 2960 de
795 2915 832 2960 se
847 2891 1024 2984 praedicat
1039 2891 1174 2978 Venus,

250 3038 370 3140 μοόνη
385 3038 528 3141 Κόπρις
542 3042 688 3127 ἄναλκις
706 3047 767 3143 ἔην
781 3039 876 3126 θεός.
904 3037 1149 3137 οείβασιλήων

251 3148 450 3247 κοιρανίην,
474 3144 558 3221 οὐδ’
574 3150 673 3240 ἔχχος
685 3142 847 3246 Ἀρήϊον,
876 3144 921 3221 οὗ
932 3151 1036 3242 βέλος
1052 3151 1150 3232 έλιιω,

199 3323 268 3368 non
281 3309 357 3367 sunt
370 3302 425 3367 illa
443 3301 580 3389 quidem
591 3300 637 3367 sic
652 3301 752 3387 dicta,
778 3311 816 3368 nt
829 3300 928 3368 valde
941 3299 1147 3391 reprehendi
1156 3300 1304 3390 possint:

203 3402 264 3470 sed
278 3410 391 3470 tamen
405 3402 503 3469 huius
518 3412 629 3470 sectae
644 3413 748 3494 poeta
770 3404 939 3471 maluisset
953 3401 1016 3476 οὐκ
1039 3405 1139 3494 έχχος
1151 3396 1305 3498 Ἀρήιον

201 3505 356 3572 scribere.
409 3506 487 3573 Duo
505 3504 604 3577 codd.
622 3502 703 3578 οὐδ’
719 3503 821 3596 εὖχος
835 3507 1017 3597 praebent:
1043 3507 1133 3575 unde
1148 3507 1222 3595 quis
1236 3528 1306 3574 non

200 3608 301 3677 facile
316 3608 377 3677 sibi
390 3607 594 3700 persuadeat
606 3610 821 3679 scribendum
835 3633 925 3678 esse:

907 3741 951 3819 ου’
979 3737 1163 3840 βασιλήων

256 3847 444 3944 κοιρανίην
460 3843 543 3920 oa'd’
556 3842 675 3938 εὖχος,
700 3840 852 3944 Ἀρήϊον
869 3844 912 3922 οὐ
927 3850 1031 3942 βέλος
1053 3849 1150 3919 ἔλιιω.

202 3983 292 4051 Nam
307 3982 351 4050 ad
370 3985 470 4075 ἔγχος
486 3987 514 4053 si
532 3984 683 4052 adiicitur
697 3986 812 4078 βέλος,
838 3985 920 4053 nihil
935 3985 971 4051 id
987 3993 1037 4052 est
1050 3983 1111 4051 nisi
1128 3981 1305 4073 quodiam

202 4085 328 4154 dietum
348 4094 435 4155 erat:
460 4111 583 4179 regum
607 4111 688 4156 vero
711 4087 779 4156 duo
799 4090 985 4183 praecipua
1006 4094 1099 4173 sunt,
1125 4085 1306 4180 imperium

202 4198 237 4258 et
252 4189 407 4282 dignitas.
459 4190 578 4283 Pergit
592 4191 655 4259 sic:

252 4321 344 4404 α’λλοί
362 4326 401 4402 τί
414 4326 587 4423 δειμαίνω
607 4320 822 4424 περιώσιον,
851 4323 934 4402 νίντὶ
947 4327 1015 4420 μέν
1033 4325 1184 4422 αἰχμῆς,
