2842 4920
520 366 579 429 or
599 322 863 457 runsrcvm
884 358 932 428 st
1053 432 1057 441 ,

674 640 751 713 XII.

169 796 233 865 De
265 792 380 876 dunc
411 802 454 864 et
488 790 604 875 ὅπως
632 788 696 889 μή
729 815 825 864 cnm
847 790 1020 885 futuro
1050 794 1124 862 vei
1156 816 1270 867 con.-

240 914 468 1003 iunctivo,
494 913 605 982 item
630 914 685 984 de
711 910 787 987 οὐκ
813 913 895 1004 ἔχω
922 910 1037 994 ὅπως
1061 922 1104 982 et
1129 913 1227 984 si-·

615 1031 813 1104 milibus

125 1224 131 1241 .
267 1172 366 1256 Quae
389 1169 561 1241 Dawesius
579 1168 623 1236 de
646 1168 890 1236 constructione
911 1168 1150 1260 particularum
1173 1165 1269 1251 ὅπως

164 1267 218 1366 μή
236 1273 399 1356 disseruit,
424 1272 470 1340 ad
484 1294 585 1362 quem
602 1294 761 1363 magnam
773 1272 841 1339 vim
857 1271 1101 1362 exemplomm,
1125 1272 1186 1341 sed
1201 1272 1268 1340 ad-

164 1376 271 1443 mixtis
290 1376 403 1443 alienis
418 1376 587 1468 congessit
601 1373 756 1459 Kiddius,
782 1373 1078 1443 commemorando
1100 1376 1175 1442 usui
1188 1398 1267 1442 ma-

163 1478 215 1571 gis
231 1487 264 1547 et
280 1477 530 1563 confirmando,
555 1500 657 1568 qnam
672 1476 870 1567 explicando
890 1485 992 1567 atque
1008 1499 1029 1544 a
1049 1476 1266 1545 dubitationi-

40 1580 44 1589 '
163 1583 227 1649 bus
241 1580 415 1649 liberando
428 1590 512 1649 sunt
563 1581 610 1647 Vt
622 1580 818 1648 indicativus
832 1581 1005 1648 veritatem
1020 1580 1070 1648 rei
1083 1588 1193 1666 notat,
1218 1581 1266 1648 ita

165 1685 389 1753 coniunctivus
412 1684 565 1776 pendere
586 1682 668 1772 quid
686 1704 728 1750 ex
748 1682 811 1749 alia
827 1705 865 1750 re
879 1683 1018 1768 indicat,
1045 1705 1155 1772 eoque
1178 1683 1265 1769 fieri,

162 1787 189 1855 si
212 1787 296 1854 iilud
312 1788 381 1854 fiat
433 1787 485 1854 lta
507 1788 541 1853 in
561 1788 710 1853 oratione
726 1793 838 1874 recta,
864 1787 922 1874 qui
940 1785 1011 1864 πῶς
1026 1778 1192 1880 λήψομαι
1214 1784 1265 1853 di-

163 1889 224 1975 cit,
248 1890 376 1957 nescire
390 1911 428 1956 se
445 1886 586 1972 indicat,
610 1885 783 1977 quomodo
798 1885 881 1976 quid
894 1897 1092 1979 accepturus
1108 1888 1158 1955 sit.
1195 1888 1265 1973 Qui

161 1992 217 2060 ille
237 1991 358 2059 modus
379 1992 439 2079 sit,
474 2011 543 2081 quo
562 1990 718 2082 accipiet,
751 1989 842 2057 facto
866 1999 1057 2082 cognoscet.
1110 1990 1182 2060 Sed
1205 1991 1264 2080 qui

163 2094 243 2161 dicit
266 2095 337 2172 πῶς
361 2086 478 2183 λάβω,
505 2092 656 2159 dubitare
677 2114 714 2158 se
736 2091 916 2181 significat,
943 2092 1115 2181 quomodo
1137 2115 1264 2183 capere

160 2195 243 2284 quid
256 2194 379 2261 debeat
394 2195 414 2260 i.
432 2216 460 2261 e.
478 2192 561 2284 quid
573 2193 634 2260 sibi
648 2192 839 2259 faciendum
852 2193 902 2278 sit,
925 2201 962 2260 ut
976 2195 1095 2283 capiat
1128 2195 1264 2264 Eadem

159 2297 286 2364 ratione
302 2295 462 2363 differunt
480 2293 573 2375 ὅπως
594 2288 761 2391 λήψομαι
778 2303 812 2362 et
827 2292 921 2373 ὅπως
936 2287 1045 2387 λάβω.
1099 2297 1187 2362 Nam
1204 2300 1264 2386 qui

159 2399 240 2467 facit
261 2398 342 2488 quid
359 2396 453 2479 ὅπως
468 2392 641 2493 λήψεται,
667 2397 748 2465 facit
761 2396 796 2464 id
811 2419 853 2465 eo
867 2398 989 2483 modo,
1016 2420 1084 2487 quo
1101 2398 1262 2489 accipiet:

161 2525 203 2571 ex
215 2524 283 2591 quo
303 2509 398 2594 patet
421 2524 493 2569 esse
506 2509 741 2592 accepturum:
768 2502 826 2590 qui
845 2508 957 2568 autem
973 2497 1066 2579 ὅπως
1081 2494 1192 2596 λάβῃ,
1220 2524 1262 2571 eo

159 2606 280 2690 modo,
315 2627 383 2695 quo
413 2604 537 2674 debeat
559 2603 730 2695 accipere:
756 2604 849 2692 quod
873 2612 924 2671 est
949 2626 1025 2670 cum
1055 2603 1261 2673 dubitatione

159 2708 382 2792 coniunctum,
411 2729 454 2774 an
471 2728 538 2774 non
555 2709 596 2774 sit
609 2715 817 2797 accepturus.
868 2706 1047 2773 Praeterea
1063 2706 1259 2775 indicativus
1294 2740 1297 2745 ·

159 2818 285 2878 certam
301 2811 406 2877 habet
427 2810 587 2901 temporis
606 2809 832 2894 notationem,
857 2831 945 2898 quae
959 2809 1083 2899 inipso
1099 2810 1258 2899 cuiusque

158 2913 323 2981 indicativi
339 2922 492 3003 tempore
506 2912 610 2981 inest:
635 2914 714 2980 riam
728 2912 827 2978 etiam
844 2912 1014 3002 praeteriti
1028 2920 1060 2979 et
1074 2914 1257 3003 praesentis

157 3015 352 3084 indicativus
373 3024 568 3106 usurpatur:
595 3015 820 3083 coniunctivus
839 3023 967 3102 autem,
993 3016 1072 3103 quia
1091 3039 1159 3083 non
1177 3014 1257 3105 quid

155 3121 225 3209 fiat,
256 3119 317 3188 sed
332 3118 414 3209 qnid
432 3117 555 3186 debeat
567 3118 641 3186 fieri
654 3118 829 3210 significat,
854 3140 919 3208 per
934 3140 970 3185 se
985 3125 1076 3184 caret
1090 3118 1257 3186 notatione

154 3224 333 3313 temporis,
367 3243 568 3312 semperque
590 3220 733 3288 refertur
755 3218 800 3286 ad
822 3229 956 3310 tempus
980 3221 1074 3287 verbi
1097 3221 1256 3310 primarii,

155 3334 326 3412 tamquam
355 3322 400 3390 ad
427 3345 587 3413 praesens
615 3344 726 3408 suum,
759 3321 837 3411 quia
860 3321 1025 3411 quidquid
1047 3321 1151 3390 debet
1172 3324 1256 3408 fieri,

156 3428 225 3493 eius
248 3449 383 3493 caussae
399 3426 465 3491 iam
486 3425 604 3492 adesse
625 3424 750 3493 debent
774 3447 852 3492 cum
877 3447 918 3491 ea
941 3424 1015 3515 ipsa
1035 3448 1085 3514 re,
1111 3435 1255 3517 propter

154 3551 255 3618 quam
272 3530 345 3596 ficri
365 3527 483 3614 debet,
510 3527 636 3595 etiamsi
656 3526 806 3595 nondum
825 3527 866 3594 sit
877 3527 1012 3597 factum.
1062 3529 1181 3618 Itaque
1202 3528 1255 3595 in-

154 3631 285 3701 dicativi
308 3639 341 3698 et
362 3630 560 3697 coniunctivi
584 3653 661 3698 cum
680 3627 774 3709 ὅπως
794 3631 1055 3698 constructiones
1079 3654 1121 3698 eo
1154 3629 1254 3698 diffe-

153 3743 248 3822 runt,
275 3733 368 3824 quod
392 3732 585 3801 indicativus
614 3732 805 3824 opinionem
829 3742 887 3799 aut
909 3732 1131 3821 voluntatem,
1164 3742 1256 3801 certa

152 3839 313 3927 temporis
337 3837 505 3904 notatione
530 3836 704 3921 adiuncta,
738 3835 962 3904 coniunctivus
989 3843 1101 3904 autem
1121 3844 1254 3904 metum

153 3940 207 4006 vel
223 3938 478 4025 dubitationem,
505 3947 672 4008 carentem
689 3941 858 4007 notatione
875 3940 1054 4029 temporis,
1081 3938 1142 4007 sed
1154 3962 1253 4031 prae·

154 4050 280 4110 sentem
291 4065 332 4109 eo
351 4051 517 4135 tempore,
542 4042 634 4132 qnod
650 4043 684 4109 in
699 4042 876 4139 principali
891 4042 996 4109 verbo
1010 4054 1069 4129 est,
1096 4043 1251 4110 continet

253 4143 325 4213 Sed
347 4147 504 4232 quoniam
527 4147 634 4213 varius
657 4152 707 4212 est
730 4168 807 4212 usus
825 4145 1008 4235 particulae
1029 4143 1143 4233 ὅπως,
1164 4166 1252 4233 quae

153 4250 212 4316 etsi
232 4248 370 4340 proprie
384 4238 510 4337 ubique
523 4249 701 4340 quomodo
717 4247 891 4338 significat,
917 4256 1029 4315 tamen
1044 4272 1113 4314 non
1126 4249 1251 4336 ubique

151 4353 197 4420 ita
216 4352 299 4421 verti
321 4358 454 4442 potest,
480 4374 521 4418 ea
542 4351 700 4435 afferam,
733 4373 819 4439 quae
840 4350 1014 4440 potissima
1032 4360 1108 4419 sunt
1127 4351 1163 4417 in
1183 4350 1250 4418 hoc
