2842 4920
361 434 364 437 Α
468 372 947 437 DISSEIITA'I'IO.
1196 381 1260 444 tal

152 562 201 631 Iris
229 583 306 651 cap.
323 556 384 626 25.
436 562 615 654 Apparere
637 586 679 632 ex
698 563 752 633 bis
767 574 871 656 puto,
900 568 957 655 qui
983 567 1110 636 factum
1130 570 1192 651 sit,
1223 580 1261 638 ut

151 665 300 758 πρυλέες
332 663 403 732 aliis
426 665 543 752 πεζοί,
577 667 648 734 aliis
673 665 839 757 ὁπλῖται,
871 669 942 736 aliis
971 663 1160 764 πρόμαχοι
1186 695 1260 741 esse

150 767 356 841 viderentur.
409 768 499 835 Nam
519 779 593 837 sunt
606 769 694 837 haec
708 771 822 838 omnia
842 772 876 838 in
896 772 954 840 illo
968 774 1104 842 nomine
1118 776 1260 843 coniun-

151 881 225 951 cta,
251 872 331 959 quia
354 871 540 940 adhaerent
562 873 678 941 officio
699 875 883 964 praesulis,
911 876 972 944 etsi
993 877 1124 944 nullum
1141 902 1260 947 eorum

149 975 350 1066 primarium
366 985 428 1047 est.
481 976 555 1043 Iam
570 977 674 1068 igitur
686 1000 755 1045 non
774 978 939 1047 exercitus
956 991 1090 1047 centum
1112 983 1259 1070 urbium,

150 1077 215 1146 sed
236 1080 466 1169 praesultores
487 1077 555 1146 dici
574 1079 786 1148 videbuntur.
839 1080 1023 1151 Fuerintne
1043 1085 1143 1152 etiarn
1165 1086 1260 1176 apud

150 1189 303 1266 veteres,
329 1183 388 1271 qui
406 1183 453 1249 ita
471 1183 713 1270 existimarent,
740 1207 809 1252 non
831 1186 907 1253 satis
926 1186 1032 1274 liquet
1052 1210 1094 1255 ex
1112 1188 1164 1255 his
1185 1189 1259 1256 Eu-

150 1283 263 1352 stathii
281 1307 318 1375 p.
341 1283 430 1374 6⁰0,
445 1281 507 1352 45.
536 1286 631 1366 τινὲς
651 1286 689 1358 di
704 1280 752 1358 ad
769 1282 899 1360 ἑκατόν
915 1291 1053 1362 πολέων
1067 1287 1260 1385 πραλέεσσ’
1315 1336 1328 1348 ,

151 1382 335 1483 ἀραρυῖαν
346 1385 461 1468 οὕτως
476 1389 658 1484 ἔφρασαν·
685 1382 816 1462 ἑαατόυ
829 1393 968 1463 πολέων
983 1388 1143 1488 α’ριστεῑς
1156 1395 1260 1484 ἔχου-

151 1512 238 1562 σαν·
265 1489 290 1584 ἧ
303 1493 574 1589 κεκοσμημένην
590 1497 667 1572 τοῖς
681 1491 744 1580 τῆς
757 1487 907 1589 Κρήτης
921 1490 1098 1584 ὁπλίταις,
1125 1499 1258 1570 τουτέ-

150 1619 213 1664 στι
234 1585 284 1664 ταὶ
305 1593 379 1666 ταῖν
403 1588 657 1689 Κορυβάντων
682 1595 770 1689 ἔργα
793 1597 948 1684 ἔχουσαν
970 1601 1258 1691 ἐντετυπωμένα.
1392 1594 1396 1598 ’

150 1691 213 1767 ὅτι
227 1695 267 1767 δέ
284 1690 562 1792 ἑαατέμπολιςή
578 1694 708 1794 Κρήτη
729 1696 790 1769 ναὶ
808 1702 847 1770 ἐν
861 1693 1054 1795 Ὀδυσσείᾳ
1072 1700 1258 1794 δηλοῦται.

151 1794 245 1877 α’ςδέ
258 1797 318 1869 καὶ
329 1799 475 1892 Κρῆτες
491 1804 528 1871 αἱ
538 1794 788 1892 Κορύβαντες,
808 1800 918 1898 δῆλον
933 1798 993 1872 ιιαλ
1007 1796 1111 1875 αὐτό.
1140 1802 1260 1893 Odys--

151 1923 230 1968 scae
251 1900 331 1969 dicit
353 1902 446 1972 XIX.
468 1902 553 1971 174.
575 1902 635 1970 ubi
655 1904 837 1996 nonaginta
861 1903 984 1972 Cretae
1004 1906 1105 1974 urbes
1126 1930 1258 1975 memo·
1352 1988 1356 2004 ,

151 2013 285 2071 ranturt
312 2005 374 2073 scd
393 1999 635 2097 ἑνατόμπαλις
653 2005 744 2073 dicta
765 2005 862 2078 Iliad.
880 2005 1026 2080 11649.
1077 2008 1124 2077 Et
1146 2009 1258 2078 Creti-

151 2130 208 2176 cas
223 2108 413 2176 saltationes
427 2110 515 2177 bene
528 2118 624 2177 notas
639 2109 741 2177 fuisse
757 2108 911 2179 Homero
926 2109 1051 2179 docent
1060 2111 1157 2186 Iliad.
1168 2113 1258 2181 XVI.

151 2209 240 2284 617.
267 2213 392 2284 XVIII.
410 2208 497 2280 590.
512 2236 608 2303 seqq.
662 2210 810 2281 Omnino
826 2222 940 2281 autem
954 2238 1024 2283 non
1041 2236 1181 2307 prorsus
1196 2217 1259 2284 ab·

150 2314 254 2383 surda
269 2323 320 2383 est
337 2314 471 2383 illorum
486 2317 696 2401 coniectura,
723 2317 782 2406 qui
800 2316 924 2386 Cretae
943 2329 1079 2386 centum
1093 2322 1194 2388 urbes
1206 2343 1260 2388 re·

150 2419 237 2509 spici
258 2428 475 2507 censuerunt,
501 2443 570 2487 non
585 2419 679 2509 quod
695 2419 866 2488 Homerus
878 2421 941 2487 has
954 2422 988 2489 in
1001 2431 1114 2490 mente
1129 2422 1260 2490 babue-

150 2522 211 2608 rit,
238 2522 299 2590 sed
312 2523 406 2611 quod
419 2523 537 2612 aliquis
553 2531 631 2589 ante
648 2543 726 2588 eum
741 2530 857 2611 poeta.
897 2523 986 2589 Nam
999 2525 1169 2613 permulta
1183 2523 1260 2591 Ho-

150 2647 265 2694 merus
289 2635 406 2718 aperte
428 2626 473 2694 ab
495 2624 735 2714 antiquioribus
756 2624 865 2716 poetis
886 2626 1036 2715 accepit,
1072 2649 1160 2716 quae
1187 2626 1261 2694 fere

151 2752 194 2797 eo
216 2740 487 2822 cognoscuntur,
514 2729 608 2819 quod
635 2729 819 2819 explicatus
840 2728 948 2820 magis
969 2730 1162 2798 reconditos
1182 2738 1215 2798 et
1239 2753 1260 2796 a

151 2833 363 2923 simplicitate
378 2834 563 2902 Homerica
582 2833 709 2901 alienos
731 2830 869 2900 habent
922 2831 1054 2918 Quibus
1078 2832 1194 2903 nescio
1215 2857 1261 2901 an
1376 2856 1379 2863 ’

149 2935 219 3004 boc
240 2958 379 3027 quoque
406 2945 440 3005 ct
461 2938 517 3005 vel
540 2935 683 3004 maxime
708 2935 750 3001 sit
775 2934 1074 3006 adnmue'randum.
1125 2936 1260 3006 Licebit

152 3041 241 3108 enim
256 3041 439 3132 suspicari,
465 3041 599 3107 illorum
618 3039 765 3127 aliquem
780 3045 978 3128 poetarum,
1004 3060 1110 3127 quum
1131 3039 1176 3106 de
1202 3063 1260 3107 re-

150 3143 215 3211 bus
242 3142 383 3212 Creticis
411 3151 565 3229 caneret,
599 3141 789 3209 Minervam
814 3138 1032 3230 descripsisse
1055 3162 1097 3207 ex
1120 3141 1258 3232 singulis

151 3246 291 3314 urbibus
309 3247 457 3340 singulos
471 3245 646 3338 praesules
661 3267 739 3312 cnm
752 3243 852 3311 aruns
869 3242 1093 3334 tripudiantes
1107 3243 1143 3311 in
1157 3243 1260 3336 galea

151 3359 346 3442 gerentem,
372 3373 438 3418 non
458 3351 610 3442 ineptum
626 3349 782 3440 profecto
800 3347 933 3437 insigne
951 3345 1057 3433 deae,
1085 3369 1172 3436 qnae
1196 3348 1260 3415 fuit

152 3453 210 3520 ubi
233 3445 520 3549 Πραμαχόρμας
537 3452 739 3546 cognomine
768 3450 953 3536 coleretur,
985 3459 1071 3518 teste
1093 3451 1260 3519 Pausania

152 3555 193 3625 II
215 3554 277 3639 34,
303 3554 338 3623 8.
392 3558 471 3624 Non
495 3556 618 3623 infitior
639 3563 772 3640 tamen,
805 3553 986 3645 simplicius
1006 3553 1153 3642 ideoque
1173 3575 1260 3645 pro-

151 3658 295 3726 babilius
315 3659 398 3727 mihi
421 3658 543 3743 videri,
570 3652 701 3731 εἰιατόν
725 3681 794 3725 non
816 3679 890 3725 esse
910 3678 987 3723 cum
1011 3657 1170 3736 πολέων,
1196 3654 1259 3723 sed

153 3784 231 3830 cum
252 3763 444 3857 πρυλέεσσι
462 3761 753 3852 coniungendum,
779 3768 816 3828 ut
838 3759 977 3831 πολέων
997 3758 1143 3852 πρυλέες
1161 3759 1258 3846 quasi

151 3887 218 3956 pro
231 3888 298 3933 una
313 3889 398 3933 voce
412 3866 487 3949 sint,
501 3887 590 3954 quae
605 3865 706 3933 duces
723 3863 856 3931 urbium
871 3859 964 3951 apud
978 3860 1151 3951 antiquum
1163 3860 1258 3929 illurn

152 3977 292 4059 poetam
308 3969 556 4061 significaverit.
592 3967 762 4035 Vtrumvis
776 3964 899 4032 horum
915 3962 1042 4053 probet
1053 3963 1138 4053 quis,
1165 3973 1257 4032 certe

151 4093 221 4139 non
246 4072 388 4163 amplius
411 4079 545 4139 centum
566 4070 643 4138 viris
666 4070 767 4162 galea
785 4066 943 4134 habebat.
995 4065 1050 4133 Ea
1063 4089 1127 4135 nec
1146 4067 1257 4154 nimia,
1377 4060 1381 4067 “

151 4182 190 4241 ut
219 4174 312 4267 apud
338 4184 496 4266 poetam,
528 4173 712 4264 imaginum
732 4168 912 4240 multitudo
936 4177 1008 4254 cst,
1039 4179 1073 4238 et
1093 4170 1270 4244 rationem¹

153 4280 302 4347 continet
318 4279 478 4347 idoneam
499 4275 629 4346 numeri
650 4275 855 4360 centenarii,
872 4294 974 4363 quem
990 4273 1025 4339 in
1041 4272 1180 4340 fimbriis
1195 4294 1258 4339 zo-

151 4403 217 4450 nae
240 4404 308 4450 non
329 4382 507 4470 miramur,
534 4379 693 4448 miramur
715 4387 828 4447 autem
846 4375 881 4445 in
903 4374 1062 4460 urbibus,
1088 4373 1257 4465 quoniam,

972 4491 1051 4562 Ἠ
