2842 4920
152 362 218 427 884
425 354 478 418 DE
494 351 680 418 maneval
696 352 921 433 VTRIVSQVE
940 352 990 422 tv.

306 547 419 631 ἔξωθε
435 541 470 621 δ’
486 546 569 621 οἴσω
583 542 637 641 τῷ
651 544 804 641 φέροντι
819 546 1029 644 μέμψεται,

309 665 448 742 πυκνοῦ
462 665 672 763 κροτησμοῦ
686 659 905 759 τυγχάνοντ’
917 662 992 742 ond
1005 663 1156 766 πτόλιν,Ι

178 794 182 803 ’
310 786 409 865 oscis
430 778 633 861 θελόντων·
658 783 706 858 ὃν
721 779 969 884 ἀληθεύσαιμ’
982 783 1060 884 r’yo'.

256 944 333 1016 Xll.
375 941 498 1035 (xli.)
530 938 681 1010 Alexidis
704 939 933 1033 fragmentum
963 952 1013 1013 est
1036 946 1129 1037 apud
1149 945 1263 1017 Athe-

155 1073 279 1123 naeum
289 1049 333 1117 X.
356 1067 391 1138 p.
405 1043 493 1117 422.
511 1044 554 1114 A.
569 1043 612 1113 Β.
635 1044 727 1113 cuius
746 1053 880 1135 partem
891 1045 971 1117 iude
985 1051 1120 1140 repetiit
1133 1051 1264 1121 Eusta-

154 1157 244 1226 urus
261 1177 297 1247 p.
312 1147 430 1239 lsai,
456 1147 517 1217 ro.

526 1276 666 1377 μα’θοις
682 1279 719 1359 δ’
733 1283 779 1358 ἄν
794 1282 875 1359 οἷον
891 1281 1101 1385 ἀνθρώποις
1117 1283 1228 1364 κακον

310 1406 410 1481 ἔστιν
439 1401 461 1502 ἤ
494 1401 652 1504 γαστήρ,
696 1398 857 1529 &faldones
891 1402 927 1481 δ’
959 1403 1030 1500 οἷ’,
1068 1403 1263 1504 ἀναγκάζει

271 1704 278 1723 x
310 1610 348 1685 εἴ
359 1637 416 1692 τις
430 1604 562 1706 dodico
579 1510 888 1734 roda'lb’plpllpdv
909 1606 956 1686 τό
976 1613 1086 1712 μέρος
1100 1606 1177 1688 dut
1192 1613 1264 1690 aori

279 1726 286 1739 '
692 1740 879 1806 σωματος,

310 1827 393 1907 οὐδ’
423 1830 470 1906 ἄν
501 1826 659 1906 ἀδικοῖτ’
683 1828 943 1958 apellabit&
977 1831 1067 1910 ote·
1087 1831 1262 1936 ὄβρίζοιτ

309 2037 375 2116 οὖν
397 2035 435 2114 dl
451 2029 666 2130 decisoriam
681 1941 1014 2134 ἕιζαῗτῗοιγίγιιται
1030 2032 1080 2115 roi
1101 2042 1262 2143 δοςχερῆ.

59 2184 63 2195 ’
153 2195 213 2267 Sic
235 2216 350 2264 versus
377 2194 451 2279 ille,
495 2193 587 2262 cuius
612 2216 769 2262 mensura
796 2194 945 2281 laborat,
979 2203 1013 2263 et
1036 2195 1129 2288 apud
1152 2196 1261 2268 Athe·

153 2320 277 2369 naeum
307 2305 341 2364 et
361 2294 456 2386 apud
477 2293 690 2362 Eustathium
711 2295 854 2386 scriptus
876 2305 945 2382 est,
980 2321 1044 2366 nec
1074 2298 1262 2390 quidquam

154 2410 299 2474 variatur
317 2399 378 2467 nisi
396 2396 490 2488 quod
511 2396 754 2468 Laurentianus
779 2397 821 2466 Β.
851 2394 967 2479 οὐδεὶς
985 2400 1117 2474 omittit.
1170 2403 1261 2473 Cor-

153 2508 270 2599 rigunt
286 2504 321 2571 in
340 2502 454 2594 priore
478 2509 576 2595 parte
600 2496 683 2574 oria'
698 2499 754 2575 cir.
813 2501 853 2569 lu
875 2502 981 2570 altera
1001 2504 1204 2593 Dindortio‚
1232 2508 1262 2578 si

155 2608 237 2701 quid
258 2605 457 2675 mutandum
480 2613 586 2690 esset,
617 2599 706 2678 οὔθ’
721 2601 900 2701 ὑβρίζοιτ’
915 2600 970 2679 ἔτ’
996 2605 1042 2680 οἷν
1064 2603 1153 2681 ἑκών
1175 2613 1261 2682 seri-

152 2711 306 2782 bendum
326 2708 513 2777 videbatur.
566 2707 671 2792 Quod
690 2730 795 2796 quum
814 2717 927 2777 tamen
946 2732 1068 2801 parum
1087 2713 1259 2805 elegantes

153 2835 312 2886 numeros
336 2811 519 2904 praebeat,
549 2812 724 2901 oratioque
748 2812 782 2878 in
810 2812 972 2881 librorum
996 2815 1164 2906 scriptura
1189 2828 1260 2886 tam

153 2921 259 3013 plana
275 2938 316 2984 ac
339 2914 442 2983 nitida
465 2915 525 3005 sit,
554 2924 676 3001 utnon
697 2924 877 3006 appareat,
903 2916 986 3005 quid
1008 2917 1044 2983 in
1060 2919 1129 2986 vitii
1146 2921 1261 3013 suspi-

154 3024 288 3090 cionem
312 3018 436 3087 adduci
464 3017 587 3110 possit,
626 3017 695 3085 hoc
720 3019 914 3110 exemplum
936 3020 1085 3089 omnium
1113 3026 1260 3094 maxime

152 3126 261 3195 risum
280 3131 331 3191 est
352 3144 458 3211 quum
478 3121 746 3190 emendationem
762 3144 897 3190 omnem
914 3146 1046 3210 arcere,
1077 3134 1151 3193 tum
1172 3150 1259 3218 pro-

155 3228 347 3297 ductionem
367 3226 504 3292 firmare
521 3225 715 3315 particulae.
766 3224 839 3293 Sed
859 3234 972 3293 tamen
990 3227 1017 3294 si
1040 3228 1178 3298 omnino
1204 3232 1259 3298 in-

155 3330 317 3400 credibile
346 3336 397 3396 est
424 3350 587 3417 umquam
619 3327 826 3419 productum
856 3351 930 3397 esse
959 3327 1023 3419 ἄν,
1065 3353 1131 3421 per
1166 3332 1259 3402 huuc

152 3434 310 3527 profecto
337 3453 472 3498 versum
499 3431 602 3498 nihilo
629 3433 690 3499 fiet
711 3430 914 3504 credibilius.
975 3432 1097 3501 Veniat
1115 3434 1259 3505 fortasse

153 3537 300 3629 cuipiam
313 3535 349 3601 in
361 3543 525 3624 mentem,
549 3556 618 3601 non
632 3557 769 3626 prorsus
784 3534 1028 3627 negligendum
1047 3560 1137 3624 esse,
1163 3540 1259 3629 quod

154 3641 278 3709 libriin
297 3638 463 3730 principio
478 3636 605 3706 habent
624 3634 712 3710 οὐδέ
717 3667 729 3704 .·
754 3661 831 3706 nam
845 3647 1053 3729 permutatas
1071 3662 1145 3709 esse
1159 3641 1258 3711 sedes

152 3742 383 3837 negationum,
410 3762 582 3831 quumque
597 3741 732 3832 gravius
751 3741 792 3808 sit
806 3739 1033 3834 ὑβρίζεσθαι,
1053 3766 1156 3832 quam
1175 3741 1259 3820 οἱδι-

151 3852 315 3934 esiodus,
336 3845 384 3913 sic
398 3844 510 3936 potius
528 3845 674 3912 scribere
688 3843 846 3913 debuisse
859 3844 1029 3915 librarios:

307 3991 390 4072 οὔτ’
408 3994 454 4071 ἄν
483 3991 642 4071 ἀδικοῖτ’
665 3992 772 4071 οὐδὲν
805 3993 941 4089 οὐδείς,
983 3993 1258 4099 οὖδ’ὁβρίζοιτ’

686 4098 733 4173 ἄν
747 4094 784 4195 y’
799 4095 897 4175 sado.

149 4252 382 4338 vertumade,
421 4275 529 4344 eaque
563 4252 734 4344 aliquanto
766 4254 899 4346 planior
924 4261 1020 4345 patet
1051 4255 1258 4325 emendandi

149 4359 212 4428 via.
264 4357 353 4426 Nam
373 4357 431 4447 qui
454 4355 658 4447 meminerit,
691 4380 796 4451 saepe
815 4359 987 4442 librarios,
1015 4360 1110 4451 quod
1132 4360 1257 4430 nemini
