2842 4920
231 333 325 421 ιιι
526 350 597 411 nu
641 349 1043 413 ιιιιιιιιιοιι

233 544 295 614 sed
314 541 539 635 hyperbolica
563 542 772 632 comparatio
801 550 872 630 est,
910 565 979 632 qua
1005 550 1125 611 natura
1149 542 1342 614 declaratur

208 648 375 722 ,numinis
400 647 485 729 ficti,
520 645 653 734 dequo
678 645 851 714 numinum
871 669 998 738 genere
1021 648 1161 740 egregie
1186 646 1345 719 disseruit

234 750 455 820 Nitzschius
446 772 480 816 m
504 748 712 840 praefatione
734 751 963 817 commentarii
992 749 1026 817 in
1049 747 1260 841 Odysseam:
1293 762 1342 841 ut,

235 856 423 946 sumentem
436 860 559 944 poetae
574 851 756 943 simplicius
773 853 944 939 enuncies,
966 853 1034 921 hoc
1048 854 1105 922 ille
1123 854 1228 924 dicat·
1256 877 1343 924 con-

235 935 417 1026 tentionem
437 956 590 1024 incitasse
614 956 797 1045 exercitus,
824 979 911 1046 quae
936 978 1083 1048 aparvo
1106 957 1229 1026 initio
1219 980 1254 1026 m
1273 960 1342 1027 im-

234 1084 388 1129 mensum
407 1059 514 1126 soleat
537 1059 673 1165 angeri,
699 1067 754 1145 ut,
781 1082 809 1126 sr
798 1058 1009 1127 humanam
1032 1061 1181 1152 speciem
1202 1061 1341 1150 habeat,

235 1189 277 1233 ea
293 1163 414 1232 sensim
431 1185 627 1231 accrescens
640 1184 720 1230 mox
737 1162 847 1253 capite
864 1163 905 1231 sit
920 1164 1052 1232 caelum
1072 1171 1213 1238 tactura.
1240 1165 1340 1235 llaec

233 1267 371 1358 quidem
391 1266 435 1334 de
459 1267 600 1357 magnis.
653 1265 726 1334 Sed
748 1274 798 1333 est
814 1267 916 1334 etiam
939 1267 973 1334 in
996 1268 1141 1336 veunsh's
1163 1277 1200 1336 et
1216 1268 1339 1360 lepidis

230 1371 444 1463 hyperbolae
463 1369 570 1456 locus,
586 1367 689 1458 idque
713 1391 756 1437 eo
778 1370 897 1461 magis,
920 1393 990 1459 quo
1004 1372 1115 1462 magis
1130 1371 1260 1440 lascivit
1276 1396 1338 1442 ex-

232 1476 358 1543 sultans
373 1473 537 1543 hilaritas:
554 1495 642 1562 quae
658 1496 760 1564 saepe
777 1473 824 1539 ita
841 1474 1033 1560 luxuriatur,
1048 1483 1086 1543 ut
1100 1474 1233 1564 quidvis
1252 1477 1338 1547 arri-

230 1580 312 1669 piat,
326 1579 361 1646 iu
377 1576 470 1667 quod
483 1577 648 1667 impetum
662 1599 759 1644 sunm
776 1574 939 1645 effundat.
961 1577 1050 1645 Hinc
1064 1578 1142 1646 illae
1156 1577 1338 1669 hyperbo-

230 1683 294 1768 lae,
317 1681 438 1770 quibns
460 1680 542 1769 quid
556 1680 611 1747 vel
634 1702 749 1747 secum
769 1680 893 1771 ipsum,
918 1681 974 1749 vel
991 1704 1069 1749 curn
1082 1681 1155 1748 alio·
1162 1682 1337 1773 persimili,

230 1786 285 1853 vel
299 1807 376 1852 cum
391 1805 530 1875 prorsus
546 1782 695 1850 dissimili
714 1792 939 1874 comparatur.
975 1779 1242 1912 Demetrius&
1248 1784 1335 1860 127.

230 1916 280 1961 το
273 1881 355 1960 dl
382 1885 536 1982 χρυσαῖ
563 1886 826 2007 χρυσοιέρα
858 1913 903 1959 ro
930 1881 1173 1980 Σαπφιιιοι’
1154 1913 1193 1960 ει
1219 1884 1336 1987 dusp-

228 1989 321 2087 βολῇ
333 1993 476 2083 λέγεται
492 1987 554 2065 sol
576 1983 684 2077 αὐτό,
708 2015 767 2061 soc
760 1981 979 2078 αδιινιίτως,
1001 1983 1093 2082 πλήν
1115 1985 1227 2115 αὐτῷ
1228 2018 1269 2082 rs
1283 1991 1338 2087 τῷ

229 2085 398 2186 αδιιιάτῳ
419 2085 527 2186 χάριν
547 2092 640 2181 ἔχει,
663 2087 709 2163 oo'
730 2085 963 2189 ψυχρότητα·
990 2120 1009 2164 o
996 2086 1079 2190 δη
1091 2086 1334 2184 saepultura

229 2164 459 2284 θαυμαιιειει
483 2191 528 2290 olo
551 2219 607 2272 τις
620 2192 801 2284 Σαπφοῦς
816 2192 879 2287 τῆς
896 2191 1059 2279 θείας,
1037 2222 1098 2269 οτι
1120 2187 1229 2291 φύσει
1253 2224 1334 2270 scs-

228 2289 379 2371 dcror'dat
400 2288 591 2391 πράγματι
618 2321 676 2365 sur
669 2289 1015 2391 'domoroodo'rp'
997 2290 1177 2395 εχρήσαιο
1201 2325 1333 2392 surgo-

227 2399 344 2499 piros
370 2400 450 2469 Nou
470 2406 620 2469 uteretur
638 2397 706 2467 hoc
727 2399 830 2469 iratus
847 2397 1016 2488 Achilles,
1043 2400 1102 2473 ubi
1117 2401 1200 2475 dicit

331 2544 464 2651 κούρην
481 2547 517 2625 δ’
537 2547 580 2626 od
594 2551 718 2646 γαμέω
734 2547 1020 2647 Ἀγαμέμνονος.
1098 2562 1103 2572 “
1164 2554 1169 2565 '

176 2701 385 2802 ldldem§.
406 2703 814 2776 mahummicolas
836 2705 1065 2797 sapphicum,
1091 2701 1187 2785 πολι
1207 2706 1330 2782 uasti·

225 2815 286 2890 doc
305 2807 590 2905 ἁδυμιλισιὲρα,
617 2818 651 2877 et
664 2808 740 2891 illa,
765 2831 853 2897 quae
875 2809 943 2879 iam
965 2834 1070 2902 supra
1084 2835 1331 2882 commemora·

224 2921 335 2999 verat,
369 2908 575 3007 ὑγιέστερος
600 2904 813 3008 κολοκινιης
836 2920 870 2980 et
901 2908 1172 3035 pcloupo'rspoc
1199 2912 1327 2996 codice

224 3017 264 3086 lu
276 3015 435 3085 oratore
425 3037 498 3082 rure
515 3014 602 3085 haec
616 3015 789 3107 improbat
806 3014 994 3108 Gregorius
1013 3017 1116 3090 Cor
1107 3042 1141 3087 ιιι
1157 3041 1330 3088 commen-

224 3121 309 3190 tario
324 3120 360 3187 in
375 3118 631 3211 Hermogenem
643 3143 678 3212 p.
692 3116 778 3186 914.
794 3118 848 3186 ed.
863 3119 980 3192 Reisk.

325 3223 486 3311 Sequitur
508 3222 654 3312 denique
674 3231 830 3312 quartum
851 3245 978 3314 genus,
1005 3221 1099 3312 quod
1120 3231 1173 3290 est
1192 3223 1229 3290 in
1247 3224 1327 3291 ridi·

224 3327 310 3397 culo.
361 3325 414 3392 Ac
436 3325 613 3393 ridiculum
633 3348 738 3414 quum
767 3326 802 3393 in
823 3348 936 3394 rerum
956 3348 1026 3394 non
1055 3326 1328 3395 consociabiliuru

223 3429 455 3498 coniunctione
485 3439 659 3516 cernatur,
693 3451 857 3518 quaeres
888 3439 1002 3501 tamen
1031 3430 1233 3518 consociari,
1268 3431 1328 3501 sed

222 3531 418 3618 ullomodo,
442 3532 623 3625 patiantur,
649 3532 904 3624 perversitatem
917 3533 1065 3623 aliquam
1077 3532 1112 3600 in
1123 3531 1327 3625 hyperbole,

223 3659 310 3726 quae
324 3635 425 3703 risum
443 3644 587 3726 moveat,
612 3636 722 3704 inesse
738 3645 885 3726 oportet.
936 3637 1046 3706 Huius
1067 3658 1156 3726 quae
1174 3637 1215 3705 sit
1230 3638 1326 3723 ratio,

221 3741 350 3831 optime
371 3749 556 3808 monstrant
576 3740 732 3832 pictores,
759 3761 863 3829 quum
886 3762 947 3809 ora
964 3750 998 3808 et
1013 3739 1139 3808 formas
1153 3738 1328 3811 hominnm

220 3844 366 3935 pingunt
380 3852 615 3935 portentosum
628 3844 663 3912 iu
676 3841 817 3911 modum
830 3853 1016 3936 porrectas,
1030 3851 1228 3932 contractas,
1255 3844 1325 3913 dis-

222 3953 340 4027 tortas,
367 3946 428 4013 sed
455 3955 493 4013 nt
518 3957 630 4015 tamen
654 3955 688 4014 et
716 3946 845 4041 species
871 3955 1013 4016 maneat.
1026 3946 1191 4036 humana,
1224 3956 1277 4033 et,
1299 3949 1326 4015 si

222 4057 389 4115 certorum
422 4048 598 4118 hominum
627 4050 766 4117 faciunt,
783 4051 965 4145 imagines,
996 4051 1103 4148 etiam
1134 4051 1324 4123 similitudo.

220 4149 332 4219 Multa
342 4150 534 4221 huiusmodi
546 4156 581 4221 in
593 4155 704 4223 Plauti
717 4152 826 4221 Milite
845 4162 985 4237 exstant,
1012 4163 1046 4222 et
1060 4155 1133 4245 quis
1147 4177 1215 4221 non
1232 4156 1325 4222 novit

221 4256 391 4324 celebrata
402 4256 459 4322 illa
470 4254 736 4339 Munchusiana,
763 4257 821 4346 qui
839 4258 1014 4326 liberiore
1031 4267 1122 4326 totus
1147 4280 1189 4324 ex
1203 4259 1324 4325 talibus

220 4367 270 4427 est
293 4358 490 4450 hyperbolis
516 4360 747 4450 compositus?
774 4361 847 4429 Sed
862 4361 1004 4432 Luciam
1022 4370 1097 4438 utar
1118 4384 1160 4431 ex
1179 4362 1325 4433 Timone
