2842 4920
150 381 193 443 30
491 371 549 432 ιιι
573 369 848 513 nauticum
871 365 919 435 ιι

153 561 328 662 ὀρφανίας
345 569 421 644 τοῖς
442 561 566 636 παισὶν
587 563 707 637 αἴτιον
729 560 769 636 πῖ
780 558 865 636 ποτ’
887 561 933 634 oio
950 565 1027 657 έριῖ
1045 560 1066 654 ἢ
1081 557 1121 634 τέ
1135 562 1257 656 φθέγ-

154 675 272 759 ξεται,·
297 667 351 734 Ex
370 666 527 735 undecim
546 667 697 736 Bekkeri
724 666 825 737 codd.
844 689 927 734 nnus
948 673 1093 752 tantum,
1118 666 1215 754 isque
1238 689 1258 732 e

35 837 37 842 .
124 771 378 858 xcorrectione,
405 766 549 865 οῖνερεῖ,
571 769 665 859 quod
687 793 753 838 non
772 778 947 859 receptum
971 769 1081 835 velim.
1133 769 1258 836 Dinar-

154 875 261 943 chus
252 897 287 940 ιιι
305 823 480 942 Dedrosth.
499 865 534 965 §.
551 871 611 942 69.
627 897 664 964 p
680 872 742 942 49.
757 871 874 940 Reisk.
894 866 1024 944 πιδ’”
998 897 1065 958 αν,
1092 872 1259 962 τιθαῖμεν

153 972 222 1072 μοίρ
255 975 393 1055 ταῦτα,
427 969 490 1047 έαν
520 969 616 1046 κατσῖ
637 969 683 1048 ro*
714 970 900 1093 ψήφισμα
921 967 967 1046 ad
995 973 1260 1095 Δημοσθένους

154 1076 294 1173 οῖπαιτῇ
314 1078 460 1200 πέμψας
483 1074 578 1171 ἡμᾶς
599 1073 833 1170 Λλέξανδρος
854 1070 900 1149 ad
915 1074 1063 1171 χρυσίον
1083 1069 1130 1147 τιν’
1146 1101 1258 1166 κομι-

156 1182 245 1252 σθέν
260 1181 308 1258 εἰς
307 1173 403 1299 ’την
408 1172 527 1270 χώραν
545 1177 616 1251 ιῖπο
609 1173 862 1298 “Λρπα’λον,
863 1179 922 1249 καῖ
940 1172 1081 1272 πρός
1044 1178 1097 1249 roi
1109 1177 1258 1272 γεγενῆ-

156 1291 247 1355 σθαι
271 1306 338 1374 την
356 1280 419 1375 τῆς
433 1278 612 1401 βουλῆς
588 1277 775 1376 απόρασιν
793 1308 879 1361 τους
892 1283 1022 1360 παῖδας
1038 1283 1258 1374 καταπέμψῃ

154 1410 244 1477 προς
264 1380 358 1477 ἡμοῖς
375 1409 459 1463 τους
480 1383 544 1456 νῦν
565 1381 610 1464 οῖς
635 1378 767 1457 ἑαυπον
793 1380 1165 1475 ἀνακεκομισμένους,
1199 1382 1260 1452 καὶ

152 1479 297 1558 τούτων
320 1481 417 1566 οῖξιοῑ
440 1480 698 1559 πυνθανεσθαι
728 1514 796 1582 την
819 1479 1043 1580 αλήθειαν
1021 1484 1135 1577 σμοῖς,
1170 1509 1260 1577 προς

154 1588 269 1673 θεαῖν,
297 1583 507 1684 oiuo'c'udpsc,
534 1587 574 1660 σι’
600 1591 776 1715 ἐροῦμεν,·
807 1589 971 1655 isocrates
1002 1588 1133 1708 Enaga
1141 1611 1170 1654 c.
1197 1583 1258 1654 25.

43 1701 46 1708 '
154 1687 266 1786 §..80
290 1712 325 1782 p.
348 1687 433 1757 328.
459 1691 572 1782 Lang.
596 1691 679 1763 τίνα
702 1685 790 1820 yolo
796 1685 1059 1811 ἀνευρήσομεν
1080 1683 1260 1762 παῖντότε

153 1794 374 1888 γινομένων,
403 1795 437 1863 εἰ
440 1818 536 1911 υκους
551 1788 694 1880 μύθους
715 1791 866 1886 οῖφέντις
888 1787 956 1885 τήν
980 1786 1185 1918 ρῖλήθιιαν
1177 1819 1261 1864 σκο-

154 1901 305 1986 ποῖμεν,
344 1892 502 1965 τοιαῦτα
534 1892 930 2017 διαπεπραγμένον,
906 1921 928 1990 η
958 1893 1042 1966 τίνα
1073 1920 1260 1966 κοσουταιν

154 1995 370 2088 μεταβολῶν
412 1999 450 2066 έν
485 2001 562 2075 τοῖς
592 2022 802 2089 πραγμασιν
842 1997 963 2068 αἴτιον
1003 1999 1290 2093 γεγενημένουςΙ

155 2098 265 2167 Codd.
283 2098 371 2169 Vrb.-
384 2107 418 2165 et
431 2097 507 2166 Vat.
524 2096 724 2165 omittunt
699 2124 754 2175 αν,
782 2121 824 2165 ex
841 2099 1002 2165 sententia
1018 2100 1260 2218 grammatico-

154 2223 240 2267 rum.
291 2199 380 2301 lam,
406 2221 530 2290 spero,
555 2200 648 2266 nolet
661 2201 828 2287 Stravius,
856 2201 948 2289 quod
963 2203 1134 2267 suaserat
1126 2225 1160 2266 ιιι
1176 2223 1262 2291 pro-

155 2297 342 2394 grammate
362 2302 473 2371 XV.
464 2325 499 2368 ιιι
526 2302 724 2394 fragmentis
750 2302 902 2393 Dionysii
925 2302 1033 2371 Halic.
1061 2304 1104 2370 ab
1125 2302 1261 2393 Augelo

155 2405 250 2473 Maio
266 2403 363 2471 editis
379 2404 435 2471 lib.
453 2404 586 2472 xlv.c
588 2401 730 2474 .15.'
691 2434 728 2478 κι
745 2400 814 2502 μνξρ
837 2433 882 2478 αν
904 2398 1120 2501 δυνήσονται
1144 2397 1261 2477 dauver

155 2501 370 2602 ἐργάζεσθαι
395 2534 481 2588 τους
509 2501 622 2597 ὁμόσε
649 2535 854 2604 χοιρονντας
881 2514 921 2586 αἱ
958 2513 1110 2600 βαθιῖαι
1137 2501 1261 2598 κόμαι,

154 2609 201 2678 ita
219 2609 356 2696 mutari,
387 2617 426 2677 ut
445 2619 502 2678 aut
526 2609 727 2678 deleatur
702 2639 766 2691 αν,
794 2620 851 2679 aut
872 2605 1042 2683 δυναιντο
1067 2619 1260 2699 reponatur.

156 2711 337 2802 Sophoclis
359 2733 439 2779 vero
462 2713 586 2781 locus
578 2736 611 2780 m
631 2713 792 2783 Philoct
800 2712 910 2783 1989.
935 2714 994 2782 ubi
1011 2712 1201 2780 Brunckius
1220 2735 1262 2779 ex
1317 2786 1319 2790 .

155 2836 223 2882 nno
238 2813 356 2883 codice
370 2814 480 2904 dedit,

309 2985 349 3060 αι’
359 2981 450 3061 ποκ’
461 2982 507 3061 ἄν
520 3014 588 3082 μοι
602 2983 649 3064 κδ
664 2984 748 3064 κατ’
764 2985 864 3088 ἦμαρ

309 3091 433 3183 iorum

155 3270 224 3332 non
244 3270 295 3331 est
308 3261 376 3332 huc
397 3262 602 3349 trahendus,
629 3284 734 3352 quum
750 3264 798 3331 ibi
813 3263 984 3355 aptissime
1002 3257 1051 3335 ori
1068 3262 1103 3330 in
1121 3260 1261 3330 caeteris

155 3365 247 3433 libris
263 3365 425 3484 scriptum
440 3366 490 3435 sit.

259 3465 401 3557 Quod
377 3491 402 3534 ιι
417 3466 457 3538 σι’
469 3465 514 3538 νῖν
530 3465 622 3534 licuit
636 3489 712 3535 cum
725 3428 839 3535 futuro
855 3467 1076 3559 coniungere,
1105 3467 1260 3535 coniicias

51 3616 52 3620 =
156 3568 298 3637 fortasse
321 3569 476 3636 eamdem
498 3569 597 3636 etiam
614 3570 796 3662 negationis
818 3570 981 3639 rationem
1000 3593 1090 3656 esse,
1116 3579 1154 3636 ut
1174 3592 1261 3659 qnae

157 3694 222 3762 per
237 3671 557 3763 interrogationem
548 3695 582 3738 ιιι
605 3671 644 3744 τί
667 3681 889 3746 convertatur.
940 3672 1071 3740 Vereor
1089 3681 1202 3739 tamen
1225 3681 1263 3736 nt

123 3815 125 3818 >
156 3774 193 3840 id
204 3773 335 3841 idoneis
358 3774 519 3865 exemplis
536 3776 751 3867 comprobari
761 3777 877 3868 possit.
927 3776 1018 3844 Nam
1036 3776 1071 3843 in
1084 3772 1260 3865 Aristoph.

156 3875 261 3967 Vesp.
277 3874 363 3944 942.
379 3877 437 3946 ubi
452 3877 578 3970 vulgo,

310 4059 376 4138 οιῖιι
390 4062 436 4138 νῖν
452 4058 498 4139 ori
512 4059 643 4139 παύσει
656 4060 809 4157 χαλιπδς
823 4063 872 4139 uir
888 4063 949 4139 καῖ
962 4058 1138 4153 δυ’ςκοῖος,

157 4251 233 4321 eod.
248 4253 334 4322 Rau.
349 4253 438 4321 male
455 4248 519 4326 οιῖκ
535 4244 596 4327 ati
618 4254 785 4346 Reisigius
807 4260 920 4322 autem
934 4276 970 4344 p.
988 4251 1073 4325 101.
1089 4251 1160 4320 sine
1176 4271 1262 4316 eon·
1288 4224 1297 4232 ’

150 4357 317 4449 troversia
332 4353 465 4458 οὔκουν
478 4356 711 4450 reponendum
724 4364 846 4426 censet
899 4356 969 4442 Qui
990 4356 1016 4422 si
1034 4378 1072 4446 p.
1096 4351 1179 4421 1⁰2.
1195 4352 1260 4420 de-
