2842 4920
486 368 544 431 11
579 362 936 455 1111111111Ι

682 612 726 688 V.

479 765 553 836 De
586 766 648 841 ἄν
680 767 931 862 repetito.

255 920 497 1013 Pervulgatum
514 931 586 1009 est,
613 919 659 995 ἄν
678 921 857 990 indicativo
881 927 915 990 11
939 918 1088 1011 optativo
1112 919 1263 988 iunctum

151 1023 282 1107 iterari,
307 1024 411 1092 uthis
427 1033 520 1093 terve
539 1026 573 1093 in
589 1024 709 1093 eadem
724 1025 886 1093 sententia
901 1024 1049 1116 positum
1064 1024 1261 1092 inveniatur.

151 1125 285 1213 Eadem
300 1129 384 1194 ratio
401 1127 492 1195 cadit
508 1129 608 1196 etiam
623 1128 659 1195 in
672 1128 868 1196 infinitivum
885 1137 920 1196 11
929 1127 1157 1218 participium,
1184 1128 1263 1217 quia

96 1256 99 1263 ¹
151 1228 218 1297 1111
231 1230 325 1298 verbi
337 1239 451 1321 partes
465 1231 547 1299 nihil
560 1231 623 1299 nisi
637 1254 832 1300 conversam
847 1254 889 1298 ex
899 1230 1080 1299 indicativo
1093 1230 1149 1297 vei
1164 1239 1263 1321 opta·

152 1333 221 1401 tivo
239 1333 425 1415 orationem
444 1336 624 1403 continent.
676 1334 748 1403 Sed
765 1334 800 1402 id
823 1356 891 1402 non
907 1343 1035 1403 temere
1053 1333 1127 1400 fieri
1148 1356 1262 1424 posse,

152 1451 274 1527 sponte
295 1445 400 1528 patet
454 1437 539 1506 Sunt
561 1447 673 1506 autem
701 1437 768 1505 duo
792 1437 903 1525 modi,
936 1436 1057 1527 quibus
1080 1436 1190 1527 repeti
1215 1435 1262 1508 ἄν

150 1547 274 1630 potest,
294 1563 389 1628 unus,
407 1563 511 1629 quum
528 1542 680 1633 pluribus
695 1541 805 1609 verbis
821 1540 1023 1633 interpositis
1039 1540 1082 1608 ab
1097 1562 1139 1606 eo
1153 1539 1261 1607 verbo

151 1642 289 1730 quicum
306 1644 466 1735 coniungi
481 1644 605 1713 debeat
617 1645 749 1736 longius
767 1646 917 1713 avulsum
933 1652 1000 1729 est,
1027 1665 1128 1733 quam
1142 1651 1262 1710 utnon

150 1745 303 1814 videatur
319 1747 522 1816 concinnitas
538 1749 694 1815 orationis
707 1749 940 1840 repetitionem
961 1747 1150 1835 requirere,
1177 1746 1263 1813 11111

150 1848 210 1936 qui
225 1859 276 1918 est
297 1850 399 1942 longe
419 1850 726 1940 frequentissirnuS,
753 1873 856 1940 quum
875 1852 911 1917 in
932 1858 1031 1941 parte
1055 1850 1166 1938 aliqua
1187 1872 1262 1917 sen-

150 1952 271 2020 tentiae
292 1953 440 2025 iteratur.
492 1954 598 2022 Plane
616 1954 704 2022 enim
725 1954 846 2022 eadem
859 1954 957 2022 huius
974 1953 1157 2044 particulae
1176 1953 1262 2020 ratio

151 2064 218 2140 est,
245 2065 399 2143 quaeest
418 2058 645 2148 negationum.
697 2057 832 2124 Etenim
852 2056 1140 2147 quemadmodum
1156 2078 1263 2144 quum

151 2156 196 2224 ad
205 2166 311 2225 totam
324 2159 521 2226 sententiam
528 2160 675 2251 pertinet
687 2160 834 2249 negatio,
849 2161 961 2227 iterari
974 2159 1007 2224 in
1017 2160 1170 2251 partibus
1181 2159 1262 2249 qui-

151 2258 295 2327 busdam
309 2261 414 2347 solet,
435 2269 472 2327 11
491 2257 555 2332 οὐκ
578 2262 678 2334 ἔστιν
695 2257 833 2340 οὐδεὶς,
857 2262 904 2329 sic
922 2263 1042 2349 etiam,
1069 2284 1177 2350 quum
1193 2272 1264 2330 tota

152 2364 312 2430 sententia
337 2363 567 2432 conditionalis
589 2372 656 2450 est,
689 2363 833 2431 refertur
855 2388 905 2444 ea,
922 2364 1068 2432 conditio
1094 2365 1197 2432 etiam
1219 2365 1264 2433 ad

150 2474 264 2556 partes
290 2468 359 2535 eius
381 2468 567 2560 primarias.
619 2467 673 2535 Ι)1
696 2490 736 2534 11
759 2490 797 2534 11
822 2467 890 2534 dixi
912 2467 956 2535 ad
975 2467 1090 2558 Vigor.
1113 2491 1149 2559 p.
1174 2467 1261 2538 814.

151 2592 247 2659 seqq.
301 2570 518 2640 Suntantem
543 2578 658 2663 partes
684 2571 760 2638 illae
781 2571 882 2659 tales,
916 2580 954 2639 ut
973 2570 1101 2638 addant
1124 2572 1262 2663 aliquid,

149 2672 245 2761 quod
256 2674 313 2741 illa
327 2675 521 2767 principalis
534 2675 716 2743 sententiae
729 2675 857 2743 ratione
873 2673 1048 2743 afficiatur.
1101 2675 1141 2742 Id
1155 2676 1262 2744 modo

150 2785 202 2844 cst
215 2778 447 2869 participium,
472 2779 559 2847 utin
577 2774 667 2845 Oed.
682 2777 726 2846 R.
748 2775 834 2846 828.

253 2925 318 3025 ἄρ’
345 2926 409 3004 οὐκ
435 2927 503 3005 ἀπ’
529 2927 634 3024 ω’μοῦ
658 2929 778 3002 ταῦτα
806 2923 979 3022 δαίμονός
1004 2958 1059 3011 τις
1086 2929 1132 3001 ἄν

253 3032 382 3129 κρίνων
411 3030 602 3132 ἑπ’.οένδρι’
626 3029 715 3128 τῷδ’
742 3032 788 3104 ἂν
815 3030 948 3130 ὀρθοίη
976 3027 1107 3126 λόγονς

140 3188 255 3257 modo
272 3189 419 3257 conditio
435 3189 530 3256 aliter
543 3205 724 3279 expressas
743 3187 826 3254 utin
840 3186 978 3254 Electra
992 3211 1023 3252 v.
1042 3186 1128 3259 333.

733 3335 819 3420 ὦςτ’
846 3337 891 3412 ἄν
917 3341 953 3415 εἰ
977 3341 1107 3417 σθένος

253 3436 426 3537 λάβοιμι,
455 3438 654 3540 δηλώσαιμ’
680 3440 726 3515 οἷν
754 3437 805 3516 οἷ’
832 3438 956 3522 αὐτοῖς
983 3440 1123 3538 φρονῶ·
1207 3532 1210 3537 ¹

150 3599 232 3666 etin
251 3599 366 3690 Antig.
382 3594 469 3667 466.

647 3746 730 3824 ἀλλ’
752 3748 798 3822 ἄν
825 3751 861 3822 εἰ
883 3742 951 3821 τόν
977 3752 1013 3832 ἐξ
1039 3747 1125 3843 ἐμῆς

252 3849 392 3951 μητρός
417 3845 577 3929 θανόντ’
605 3850 779 3928 ἄθαπτον
806 3849 962 3951 ἑσχόμην
988 3853 1091 3926 νέκυν
1098 3904 1113 3939 ,

253 3958 383 4040 κείνοις
408 3956 454 4032 ἄν
480 3955 632 4058 ἤλγουν

149 4113 233 4181 1111
254 4110 343 4183 Oed.
359 4112 404 4186 R
420 4110 534 4185 1438.

252 4267 379 4362 idpao'
406 4261 474 4352 ἄν,
502 4259 541 4337 εὖ
567 4259 672 4336 τοῦτ
700 4259 782 4335 ἴσθ
809 4260 877 4350 ἄν,
906 4263 940 4333 εἰ
963 4287 1014 4355 μη
1038 4262 1109 4332 τοῦ
1136 4265 1231 4336 θεοῦ

254 4363 415 4465 πρώτιστ
427 4363 609 4466 ἕχρηζον
636 4371 812 4458 ἐκμαθεῖν
838 4393 874 4437 τι
870 4363 1093 4461 πρακτέον.
