2842 4920
560 356 871 420 conveni.
1198 364 1264 428 211

209 546 254 630 uic
274 543 408 670 θρόν
386 575 487 640 enoc
502 549 636 640 ἔχουσα
650 547 854 674 μελίφρονα
870 543 1046 641 θεσμόν’
1027 548 1184 680 ιροίτοιν,

208 646 337 725 κεστόν
356 653 445 741 ἔχω,
476 652 537 724 καί
552 654 703 773 κέντρον
720 651 811 780 6763
838 681 896 724 και
889 646 1016 735 τόξον
1032 652 1156 750 αἐίροι,

207 749 352 843 κεστόν,
379 752 471 827 ὅθεν
488 747 713 852 φιλότητος’
695 755 782 850 εμῆς
791 754 881 849 ἐμόν
898 751 1046 851 οἶστρον
1060 759 1207 831 ἑλοῦσαι

132 868 136 873 ’
207 851 377 938 πολλάκις
394 853 562 931 ωδίνοοοι
578 856 637 931 καί
650 885 694 930 ου
686 852 910 954 θνήσκουσι
927 864 1096 951 γυναῖκες.

155 1027 283 1095 Posui
273 1050 309 1094 ιιι
326 1027 380 1096 his
397 1021 540 1120 θεσμόν
561 1052 627 1120 pro
642 1021 777 1119 δεσμόν
797 1052 817 1096 e
834 1029 1005 1097 verissima
1027 1031 1260 1102 emendatione

154 1131 340 1221 Lennepii‚
365 1154 467 1221 quam
484 1131 597 1200 Nonni
614 1154 694 1200 usus
708 1133 892 1200 confirmat
943 1132 1040 1200 ldem
1056 1134 1260 1228 Lennepius‚

153 1235 322 1325 particula
337 1234 406 1324 μίν
427 1243 555 1321 motus,
582 1244 662 1326 post
677 1235 861 1304 secundum
876 1235 999 1304 horum
1019 1260 1175 1306 versuum
1196 1240 1259 1307 ali-

154 1337 238 1426 quid
261 1337 423 1405 excidisse
444 1339 595 1429 putabat.
647 1340 722 1406 Nec
749 1339 868 1427 mirer,
905 1339 933 1406 si
961 1339 1015 1406 cui
1042 1342 1310 1432 persuadeagla}

152 1440 353 1531 praesertim
367 1442 527 1509 Nonnum
539 1442 683 1514 XXXV.
702 1440 789 1515 168.
811 1443 1038 1535 comparanti.

819 1607 1024 1705 ἀπτόλεμος
1039 1607 1109 1710 μοίρ

204 1706 393 1806 Κόπρις’
367 1709 553 1811 αριστεόει
568 1716 677 1788 πλέον
686 1712 839 1838 Ἀρεος,
867 1711 951 1787 οὐδὲ
970 1715 1108 1805 χατίζει

205 1812 355 1897 ασπιδος
363 1870 378 1904 ,
405 1846 450 1891 οι
442 1813 591 1914 μελιης
605 1844 696 1892 ποτε
688 1811 876 1940 'desiccas‘
902 1812 1117 1914 α’μφότερον
1133 1815 1215 1946 μείρ,
1273 1870 1276 1877 ·
1346 1868 1351 1875 ·

204 1920 306 2011 ἔγχος
321 1913 410 2010 ἐμόν
426 1923 510 1994 πέλε
524 1917 711 2004 edicone
694 1915 784 2013 εμιίν
799 1921 899 2016 ξίφος
914 1923 1041 1995 ἔπλετο
1056 1919 1203 2022 μορφή,

203 2048 263 2093 και
256 2016 511 2152 βλεφάρων
485 2031 625 2103 ακτῐνες
644 2023 726 2116 ἐμοί
738 2017 911 2119 μεμάασιν
927 2019 1063 2097 οἰ’·στοί

202 2119 315 2220 μοίζος
329 2121 509 2214 ἀκοντίζει
522 2128 667 2200 πλέον’
645 2154 773 2220 εγχεσς.

152 2297 226 2368 Sed
238 2297 372 2390 gravius
393 2297 527 2388 vitium,
554 2307 592 2366 ut
610 2299 748 2387 quidem
762 2323 878 2369 versus
900 2298 1038 2371 Goluthi
1054 2302 1255 2394 interpuncti

152 2409 246 2482 sunt,
276 2401 312 2468 in
332 2400 432 2468 tertio
453 2424 554 2470 versu
577 2411 646 2486 est,
672 2403 706 2469 in
727 2425 796 2491 quo
818 2403 846 2471 si
869 2399 953 2474 α’ντί
974 2404 1106 2500 αἰχμῆς
1126 2399 1256 2477 κεστόν

153 2505 220 2595 ἔχω
244 2504 480 2596 coniungenda
502 2513 594 2591 sunt,
631 2506 704 2594 quis
731 2527 801 2572 non
822 2505 914 2573 videt
934 2505 1046 2596 inepte
1074 2505 1174 2573 adiici
1196 2504 1256 2577 καί

152 2608 303 2702 κέντρον
325 2604 400 2701 ἅμα
425 2606 483 2679 καί
506 2601 613 2689 τόξον
639 2604 774 2701 οίείρωΡ
805 2608 856 2674 sin
880 2607 1004 2674 excidit
1028 2608 1156 2697 aliquid
1178 2616 1255 2676 ante

151 2703 280 2784 κεστόν
294 2711 374 2799 ἔχω,
400 2712 474 2799 quis
489 2733 557 2778 non
569 2711 682 2801 potius
697 2711 754 2779 teli
768 2733 888 2803 genus,
914 2719 953 2778 ut
968 2711 1003 2779 in
1017 2711 1146 2801 reliqua
1157 2719 1255 2807 perte

151 2836 278 2902 versus,
304 2814 638 2882 commemorandum
652 2815 753 2883 fuisse
767 2815 957 2906 intelligat?
982 2815 1030 2882 Et
1044 2824 1169 2902 tamen,
1194 2816 1256 2883 nisi

150 2916 270 3005 fallor,
295 2917 407 2984 omnia
423 2919 551 2986 sincera
567 2927 661 3002 sunt,
687 2917 792 2986 modo
804 2926 899 2986 necte
915 2918 1206 3011 interpungantur:

815 3067 899 3140 οἱντὶ
912 3069 980 3160 μὲν
996 3071 1142 3165 αἰχμῆς,

203 3169 250 3253 οἷς
266 3165 400 3293 θρόν
378 3160 479 3265 εγχσς
493 3173 624 3262 ἔχουσα
640 3170 844 3269 μελίφρονα
861 3165 1036 3263 θεσμόν’
1008 3166 1182 3300 εροότων,

203 3268 332 3348 κεστόν
348 3275 431 3365 ἔχω·
457 3276 518 3349 καὶ
534 3277 684 3372 κέντρον
700 3272 775 3371 σ’ίμο
793 3301 853 3347 και
845 3268 977 3358 τόξον
992 3271 1101 3374 οἰείρω

202 3371 343 3451 κεστόν.

149 3532 220 3598 Ριο
252 3531 409 3622 cuspide,
445 3532 568 3621 inquit,
608 3534 799 3628 cingulum,
834 3534 953 3602 hastae
983 3532 1087 3601 instar
1115 3533 1255 3602 foedera

149 3634 274 3702 amoris
289 3630 436 3720 habens,
462 3645 586 3706 teneo:
613 3647 647 3706 et
668 3639 833 3730 spiculum
855 3637 947 3729 agito
966 3659 1149 3725 arcumque
1170 3639 1254 3705 tullo

151 3733 334 3829 cingulum.
388 3739 445 3808 Sic
465 3748 560 3830 patet
577 3765 646 3809 non
668 3764 754 3833 opus
778 3764 851 3809 esse
866 3749 904 3808 ut
924 3739 992 3831 μέν
1008 3739 1133 3807 habeat
1146 3741 1253 3830 parti-

151 3840 261 3909 endam
290 3841 565 3932 respondentem.
616 3848 695 3914 Non
721 3846 833 3935 potuit
862 3843 951 3911 enim
976 3843 1091 3911 inferri
1115 3845 1177 3937 δέ,Ι
1205 3844 1275 3937 εἰσ,

151 3943 551 4039 conformate-oratione·
584 3947 646 4016 sed
666 3947 808 4016 deberet
831 3945 967 4032 inferri,
996 3946 1023 4013 si
1048 3947 1254 4038 procederet

151 4031 353 4138 compositiu
373 4048 556 4118 verborum
577 4053 643 4137 ita,
668 4061 706 4118 ut
724 4051 872 4119 instituta
886 4059 974 4117 erat:
1002 4045 1084 4122 οἱντί
1101 4054 1171 4173 μέν
1195 4081 1253 4122 αι-

149 4150 242 4245 χμῆς
258 4143 387 4225 κεστόν
401 4152 490 4243 ἔχω,
517 4150 600 4226 α’ντι
592 4153 653 4227 δέ
669 4156 839 4281 κέντροφ,
865 4150 924 4224 καί
937 4147 1022 4224 α’ντί
1042 4147 1178 4225 τούτου
1195 4181 1252 4226 κε·
1270 4185 1271 4189 ’

150 4246 240 4326 στόν
263 4255 351 4345 ἔχω·
386 4250 470 4327 οἷντί
498 4257 536 4329 δέ
557 4251 688 4340 τόξον,
715 4253 856 4350 ὁμοίως.
908 4256 1093 4345 Reliquum
1115 4265 1180 4345 est,
1207 4257 1252 4325 de

151 4379 221 4446 quo
249 4356 395 4445 dicatur,
422 4357 521 4447 illud,
555 4353 792 4458 φιλότητσς’
775 4358 861 4456 εμῆς
886 4352 976 4453 ἐμόν
1009 4355 1251 4457 οἷστρσν,ἰιι
