2842 4920
163 356 228 420 loa
506 350 566 413 DE
604 350 876 413 PAR-TICVLA
900 350 939 419 ἂν
974 372 984 405 ι

268 544 321 613 De
346 544 403 610 illa
424 541 663 634 particularum
686 544 838 612 finalium
854 568 932 615 cum
951 547 1101 639 optativo
1117 555 1152 617 et
1166 552 1277 640 parti·

166 649 241 715 cula
267 646 312 719 ἆν
337 646 600 732 constructione,
635 670 722 736 quae
745 648 891 718 refertur
914 649 959 718 ad
981 674 1059 719 eum
1082 653 1205 741 linem,
1239 663 1277 722 ut

166 750 247 841 quid
262 750 370 841 possit
382 751 466 841 ficri,
492 750 580 818 inho
596 752 828 843 explicabitur.

694 1022 735 1093 V.

234 1191 300 1259 De
326 1192 534 1286 optativo
561 1199 722 1260 rectae
748 1190 986 1261 orationis
1013 1191 1112 1262 sine
1138 1193 1201 1267 ἄν.

263 1345 373 1413 Venio
392 1370 479 1414 nunc
499 1345 544 1412 ad
569 1367 647 1412 eum
666 1345 805 1435 optativi
823 1368 937 1431 usum,
965 1369 1067 1434 quem
1082 1369 1185 1438 supra
1203 1349 1270 1416 dixi

161 1458 275 1516 rectae
289 1449 445 1517 orationis
466 1450 616 1542 speciem
637 1446 785 1534 habere,
812 1448 906 1535 quod
929 1470 971 1516 eo
989 1459 1101 1517 nostra
1119 1451 1270 1542 ipsorum

162 1554 310 1644 cogitata
328 1553 375 1620 sic
396 1554 631 1638 enunciamus,
659 1561 782 1618 utnon
802 1551 1044 1642 distinguamus
1065 1555 1270 1645 cogitantem

160 1656 204 1723 ab
224 1658 391 1745 loquente.
434 1657 550 1723 Habet
571 1656 597 1723 is
616 1663 729 1723 autem
743 1654 894 1744 ipseper
908 1678 944 1722 se
958 1656 1026 1723 sine
1044 1657 1269 1746 particulatio

161 1768 319 1848 quattuor
342 1761 484 1827 formas:
517 1782 596 1827 nam
618 1758 672 1825 vel
697 1759 843 1848 optantis
861 1768 930 1843 est,
956 1760 1011 1826 vel
1029 1759 1188 1846 iubentis,
1214 1763 1269 1829 vel

159 1864 314 1948 volentis,
341 1864 394 1930 vel
413 1862 590 1953 opinantis

261 2000 375 2087 Atque
396 1999 524 2088 optatio
548 2006 666 2065 natura
688 2019 748 2063 sua
764 1995 845 2063 nihil
868 2007 918 2064 est
940 1999 1002 2065 nisi
1023 2000 1182 2091 cogitatio
1206 2003 1266 2084 rei,

159 2125 277 2192 quam,
305 2124 409 2189 quum
426 2125 492 2167 uon
509 2103 567 2181 sit,
595 2123 668 2167 esse
684 2099 847 2188 cupimus.
900 2099 954 2167 Ea
969 2104 1158 2168 necessario
1176 2113 1269 2170 caret

157 2204 323 2296 particula
347 2201 391 2274 ἄν
400 2257 412 2290 ,
441 2203 520 2290 quia
543 2201 636 2291 quod
652 2209 808 2291 optamus
822 2208 951 2268 tantum
970 2204 1065 2269 abest
1085 2212 1123 2270 ut
1146 2206 1269 2273 condi-

155 2308 247 2375 tione
261 2307 373 2395 aliqua
388 2306 543 2397 restringi
556 2305 706 2390 velimus,
732 2313 769 2369 ut
781 2303 890 2394 ipsmn
904 2304 1089 2373 habeamus
1102 2329 1167 2396 pro
1182 2331 1270 2376 con-

157 2410 299 2498 ditione,
334 2432 400 2499 qua
422 2410 561 2500 impleta
587 2409 675 2476 bene
698 2407 794 2475 nobis
824 2406 898 2475 fore
927 2432 1112 2500 speremus.
1165 2410 1269 2479 Vnde

158 2515 281 2587 multae
304 2514 490 2604 optationes
514 2513 614 2580 etiam
640 2533 718 2580 cum
737 2511 904 2601 particula
918 2513 1132 2579 conditionali
1144 2516 1268 2604 profe-

53 2632 60 2646 ⁴
156 2626 290 2686 runtur:
308 2620 421 2708 ιῖμοι
436 2621 553 2714 ξυνιιή
569 2618 720 2711 φέροντι
732 2619 846 2709 pcipe
855 2607 1266 2706 τανεῦσιατονᾶγνειαν

155 2715 270 2811 λόγων
287 2721 398 2812 ἔργων
420 2747 460 2789 τι
481 2716 651 2790 odoror:
674 2720 696 2789 i.
715 2740 743 2784 e.
763 2716 796 2785 oi
814 2715 856 2783 id
867 2716 968 2812 fiat,
998 2717 1085 2787 bene
1100 2721 1189 2787 mihi
1204 2721 1262 2789 sit.

154 2822 250 2892 ldem
270 2832 320 2889 est
340 2824 440 2910 εἴθε,
468 2830 579 2888 ortum
593 2845 636 2889 ex
657 2823 692 2893 εἰ
709 2821 783 2892 θεέ.
836 2820 1041 2912 Plerumque
1058 2833 1171 2891 autem
1192 2826 1264 2892 sine

155 2927 320 3019 particula
336 2924 565 2993 conditionali:
581 2918 720 2997 ἁδόντα
738 2918 771 2995 δ’
787 2925 841 3019 εἴη
855 2951 903 3014 με
916 2931 991 3008 τοῖς
1006 2929 1162 3018 α’γαθοῖς
1181 2923 1264 3017 ὁμι-

154 3034 238 3102 λεῖν.
280 3028 402 3114 Qualia
417 3030 463 3096 sic
482 3038 565 3120 puta
582 3028 666 3095 dici:
692 3026 803 3097 liceat
819 3026 908 3095 miti
926 3028 964 3118 (i.
983 3053 1011 3099 e.
1032 3051 1126 3096 sumo
1143 3031 1263 3121 licere)

155 3132 330 3202 bonorum
345 3133 602 3201 consuetudine
605 3130 693 3224 srut'
701 3156 713 3199 .·
739 3139 816 3199 tum
829 3128 916 3200 bene
931 3131 988 3200 sit.
1042 3132 1113 3200 Sed
1127 3133 1194 3199 hoc
1207 3141 1262 3200 to-

154 3248 226 3304 tum
251 3260 375 3327 genus,
405 3236 498 3324 quod
522 3235 693 3326 optatione
717 3234 919 3321 continetur,
945 3244 1015 3303 tam
1035 3236 1174 3326 planum
1200 3245 1261 3325 est,

153 3351 271 3407 utnon
287 3362 372 3428 opus
392 3338 432 3405 sit
455 3339 625 3428 exemplis.
675 3337 789 3406 Vnum
807 3345 917 3405 tamen
933 3338 1091 3422 afferam,
1119 3338 1213 3428 quod
1228 3341 1263 3406 in

153 3464 195 3510 eo
214 3442 330 3507 tectius
353 3440 525 3507 recondita
544 3443 625 3508 latet
639 3441 780 3530 optatio.
832 3439 981 3509 Achilles
1002 3441 1096 3509 lliad.
1115 3463 1154 3537 ψ.
1174 3441 1260 3513 15⁰.

153 3544 368 3636 Spercheum
393 3545 586 3633 alloquens,
620 3545 674 3612 cui
705 3566 838 3610 comam
862 3544 1006 3631 aluerat,
1041 3568 1144 3635 quam
1170 3568 1261 3614 nunc

151 3649 309 3716 Patroclo
326 3658 376 3714 est
389 3658 659 3734 consecraturus,
685 3648 731 3715 ita
744 3647 909 3736 loquitur:

205 3803 268 3875 νῦν
296 3797 332 3873 d'
359 3800 434 3874 ἐπεὶ
462 3798 505 3874 ori
532 3798 663 3891 νέομαί
688 3828 728 3894 γε
755 3797 862 3897 φίλην
889 3805 924 3882 ἐς
948 3797 1109 3897 πατρίδα
1135 3805 1259 3892 γαῖαν,

204 3898 405 4000 Πατρόκλῳ
432 3903 526 4002 ἥρωϊ
548 3898 663 4003 νόμην
690 3897 872 3999 ὀπάσαιμι
898 3906 1090 4001 φέρεσθαι.

151 4056 261 4150 Optat
276 4059 381 4139 enim,
407 4067 444 4127 ut
455 4083 519 4151 per
534 4057 747 4149 Spercheum
762 4057 825 4125 sibi
839 4057 955 4144 liceat,
981 4079 1084 4146 quam
1097 4057 1177 4126 huic
1193 4081 1258 4126 nu·-

149 4163 286 4229 triverat
307 4183 455 4249 comam,
491 4162 604 4229 dicare
631 4162 799 4230 Patroclo.
852 4161 1068 4250 Quamquam
1092 4160 1130 4228 id
1157 4163 1259 4230 etiam

150 4264 256 4335 velim
272 4265 368 4333 dare
386 4264 489 4346 dicas,
541 4264 630 4332 lllud
643 4273 757 4333 tamen
769 4264 951 4332 tenendum
967 4279 1033 4353 est,
1054 4266 1172 4355 epicos
1190 4289 1255 4333 ve-

150 4379 257 4456 teres,
290 4369 349 4457 qui
369 4368 505 4436 liberius
527 4369 692 4459 particula
714 4367 772 4441 νὲν
796 4376 949 4453 utuntur,
984 4391 1027 4435 ne
1051 4369 1085 4436 in
1104 4368 1256 4460 optando
