2842 4920
553 364 867 430 convnfll.
1200 373 1263 437 221

155 568 273 626 autem
287 577 359 623 nun
371 555 479 646 possit
503 577 573 622 non
596 555 642 622 ad
661 559 816 648 superius
839 557 901 630 οἶα
922 558 1058 641 referri,
1084 560 1131 627 illi
1153 572 1265 631 autem

154 661 254 752 quod
272 659 441 727 adiectum
460 667 513 725 est
526 660 571 732 τέ
585 681 654 726 non
674 660 762 728 bene
781 661 973 748 conveniat,
995 671 1087 730 recte
1109 664 1192 732 milri
1213 667 1264 734 vi-

155 765 243 832 deor
255 762 418 849 indicare,
444 761 555 829 alieno
568 763 645 829 lucc
662 762 824 831 intrusum
837 788 910 833 esse
926 764 1018 832 hunc
1033 789 1177 838 versum.
1209 769 1265 836 Eu

153 869 236 934 lriuc
251 867 380 934 reiecto
394 874 472 932 aute
487 865 637 955 primum
652 887 770 934 eorum
792 890 877 957 quus
901 869 1062 960 apposui,
1086 871 1176 939 bene
1199 871 1264 942 lta-

154 971 251 1039 bebit
264 971 378 1057 lucus,
403 968 451 1035 ita
464 990 552 1036 nexa
565 969 734 1037 oratione:

208 1122 272 1196 οἶοι
287 1124 343 1202 δέ,
371 1120 569 1210 χαλκείοισι
584 1123 820 1244 καλυψαμένη
835 1116 927 1218 χρόα
941 1125 1108 1211 πέπλοις,

207 1225 271 1298 οἶα
289 1250 333 1296 συ
325 1217 509 1302 κυδιαεις
527 1218 747 1316 ακεμοὶλιος,
769 1221 993 1325 Ανρυκοένη.

153 1376 543 1448 Nihilvitiiestinillis:

204 1523 400 1624 οἷγνοὶσσεις
414 1527 475 1602 ὅτι
491 1529 632 1623 μᾶλλον
649 1526 834 1614 ductetur
849 1531 937 1606 εἰσὶν
953 1530 1119 1631 Ἀθῆναι

204 1640 332 1721 τοῖαι,
358 1632 611 1723 κυδαλίμοισιν
624 1631 870 1728 ἀγαλλόμεναι
887 1638 1098 1729 πολέμοισι,

204 1736 423 1831 κεκριμένων
439 1738 577 1828 μελέων
593 1734 677 1810 οὔτ’
693 1735 839 1834 ἄρσενες
851 1737 938 1811 οὔτε
953 1745 1124 1831 γυναῖκες.

153 1890 260 1977 Quod
282 1889 440 1973 Graelio,
469 1890 657 1959 acutissimo
681 1891 838 1983 leporum
862 1901 896 1960 et
918 1893 1099 1961 venustatis
1122 1894 1261 1979 arbitro,

151 1991 319 2091 Αθῆκαι
341 2015 409 2060 non
432 1992 626 2080 Minervae,
652 1995 715 2063 sed
735 1996 816 2064 urbs
836 1994 1048 2064 Athenarum
1074 2020 1148 2066 esse
1169 1998 1261 2068 visae

153 2106 247 2183 suut,
268 2097 487 2165 vehementer
503 2099 617 2170 miror.

259 2198 401 2271 v..189
429 2201 551 2270 ecod
568 2200 656 2269 Mut
671 2201 906 2292 reponendum
921 2207 1043 2279 τοῖσι,
1071 2212 1154 2273 etv.
1173 2201 1259 2272 19ῖ.

153 2301 192 2384 ὁς
209 2296 300 2376 τότε
317 2326 382 2394 pro
397 2300 436 2383 ὅς
451 2330 564 2393 ποτε,
592 2305 709 2395 quod
700 2315 852 2398 ineptum
869 2314 930 2376 est.
983 2303 1024 2373 V.
1045 2302 1131 2374 20⁰.

203 2455 315 2554 νῆας,
339 2454 381 2536 ἂς
400 2452 463 2530 ουκ
480 2450 604 2552 ἐνόησε
620 2455 679 2528 καὶ
694 2453 760 2530 οὐκ
773 2456 923 2556 ἤσκησεν
937 2451 1091 2554 Ἀθήνη.

152 2608 342 2677 Wemikius
358 2633 463 2699 quum
479 2609 525 2677 ad
538 2608 730 2701 Tryphiod.
747 2634 783 2701 p.
797 2607 857 2677 43.
878 2607 972 2676 haud
988 2617 1183 2677 cunctanter
1197 2606 1260 2682 ἄν’

152 2711 368 2781 scribendum
383 2713 476 2798 dixit,
502 2722 611 2799 metro
628 2714 745 2782 melius
765 2736 868 2805 quam
882 2713 1064 2781 sententiae
1083 2714 1259 2783 consuluit

152 2816 271 2883 Vacua
290 2815 369 2884 vitio
391 2825 443 2884 est
463 2816 591 2885 Graefii
607 2818 816 2904 coniectura,
843 2817 956 2885 deleto
978 2816 1065 2914 κη”οις
1087 2819 1259 2887 scribentis

153 2926 252 3008 οἵας,
279 2918 341 2986 sed
354 2928 405 2987 est
424 2917 461 2987 id
476 2918 675 3011 languidius.
727 2921 807 3012 Ego
826 2919 964 3010 quidem
987 2919 1126 2988 credam
1151 2920 1256 2991 Colu-

152 3021 249 3088 thum
269 3021 305 3089 in
323 3022 390 3090 hac
407 3024 558 3114 syllabae
579 3044 736 3090 mensura
756 3021 898 3091 Hesiodi
920 3023 1113 3115 exemplum
1129 3033 1259 3113 'sequu-

151 3134 224 3193 tum
243 3147 326 3194 esse.

255 3227 379 3295 Paride
396 3229 575 3321 navigante
591 3222 651 3300 e'u'
674 3224 782 3322 εὐρέα
798 3225 896 3299 νῶτα
917 3219 1069 3323 γαλήνης
1092 3228 1155 3319 (sic
1170 3228 1260 3297 euim

151 3330 224 3398 iure
250 3331 394 3399 correxit
412 3331 605 3423 Leunepius
630 3355 663 3401 v.
688 3329 791 3422 204.)
818 3331 923 3399 oritur
942 3339 1145 3424 tempestas,
1171 3356 1260 3424 quae

152 3456 184 3508 v.
199 3429 287 3500 2⁰6.
304 3434 351 3502 sic
367 3434 583 3503 describitur:

202 3587 335 3683 κυανέη
350 3586 419 3678 μέν
435 3583 597 3718 ὕπερθεν
611 3581 902 3682 οἱναθριέσιιουσα
917 3581 1088 3662 θάλασσα

204 3685 364 3782 ου’ρανον
380 3686 565 3784 ὀρφναίων
582 3689 705 3763 ἑλικοιν
720 3684 875 3819 ἐζώσατο
894 3691 1032 3785 δεσμῷ

203 3788 324 3886 ἠδη
299 3819 372 3888 αρα
385 3787 695 3884 μιχθαλοεντος
671 3820 722 3864 απ
756 3788 1140 3921 η’έροςὸμβρονὶεῖσα.
1259 3789 1309 3861 18

203 3887 362 3993 ἐκλυσθη
379 3897 421 3969 δέ
433 3923 476 3968 τε
495 3889 628 3977 πόντος
645 3896 889 3991 ἐρεσσομένων
904 3888 1072 3991 ε’ρειαιον.

150 4045 247 4115 Nihil
264 4069 328 4116 nec
343 4049 521 4117 varietates
538 4049 724 4141 scripturae
738 4057 896 4140 presunt,
915 4070 979 4114 nec
993 4071 1080 4138 quae
1094 4047 1166 4115 visa
1179 4047 1257 4115 viris

151 4149 260 4218 doctis
278 4159 330 4219 est
342 4151 462 4222 lacuna
474 4176 547 4222 esse
562 4163 638 4221 aute
651 4152 804 4220 ultimum
824 4151 975 4221 verbum.
1023 4151 1144 4219 Manet
1159 4151 1257 4233 euim,
1307 4183 1308 4188 ¹

150 4262 188 4321 ut
205 4254 270 4322 alla
287 4261 440 4346 taceam,
468 4256 595 4346 duplex
612 4256 832 4348 perversitas,
859 4277 925 4322 una
951 4256 984 4322 in
998 4278 1036 4323 re
1050 4256 1142 4347 ipsa,
1163 4254 1259 4344 quod

150 4380 245 4426 mare
263 4380 441 4454 assurgere
463 4360 585 4429 dicitur
609 4368 644 4428 et
670 4359 800 4429 caelum
823 4359 917 4428 tortis
939 4359 1082 4427 nubibus
1109 4358 1258 4449 cingere,
