2842 4920
463 359 616 427 ulau
660 337 810 432 cana.
833 334 865 427 a.
1138 316 1141 323 Ι
1179 366 1223 430 aa

87 551 219 619 licebit
234 551 337 618 etiam
360 551 405 619 de
428 551 481 620 his
497 552 609 619 verbis
629 551 780 620 eiusdem
800 552 971 643 scriptoris
988 551 1031 624 V.
1050 550 1112 620 82.
1132 553 1221 622 iudi-

103 678 203 722 care:
246 655 330 750 περὶ
360 649 497 753 ταύτης
523 649 573 726 οἷν
604 656 668 750 τῆς
699 656 887 751 συμφορῆς
920 661 957 727 οἱ
985 651 1221 750 Ἐπιδαύριοι

102 760 281 853 ἐχρέωντο
304 762 343 829 έν
367 759 566 852 Δελφοῖσι·
587 786 623 876 η
614 756 685 831 δέ
704 759 832 855 Πυθίη
850 761 961 852 σφέας
980 761 1117 833 uersu
1138 761 1221 832 Δα-

100 860 186 956 μίης
208 887 250 931 τι
277 858 338 931 ναὶ
369 855 549 982 Αὐξησίης
571 855 767 953 οἷναλματα
790 855 1034 984 ἱδρύσασθαι,
1066 862 1128 934 ναί
1155 888 1222 957 σφι

101 959 429 1085 ἱδρυσαμένοισι
403 989 553 1084 ηιμοινον
578 963 832 1036 συνοίσεσθαι·
866 957 1084 1059 ἐπειρώτεον
1107 992 1157 1037 ων
1184 993 1220 1038 οι

98 1058 351 1160 Εσιδαέριοι,
378 1057 511 1161 κότερα
532 1064 668 1153 χαλκοῦ
680 1068 872 1139 ποιέονται
888 1094 937 1138 τα
930 1060 1147 1161 α’γοέλματα
1155 1122 1169 1156 ,
1196 1067 1220 1165 ἢ

100 1166 224 1241 λίθου
277 1168 519 1236 Valckenarius
543 1167 600 1234 hic
621 1170 817 1242 ποιέωνται
838 1168 1052 1238 scribendum
1067 1173 1220 1264 putabat,

101 1293 158 1338 cur
147 1270 393 1362 adstipulatus
408 1282 459 1339 est
471 1272 670 1340 Werferus
661 1295 695 1340 ur
708 1273 784 1340 Act
800 1271 939 1345 Monac.
954 1273 982 1344 1.
996 1298 1033 1366 p.
1050 1272 1137 1347 231.
1148 1298 1219 1365 seq.

101 1383 136 1441 et
163 1374 238 1462 quis
263 1398 332 1443 non
358 1376 458 1442 facile
481 1375 689 1456 adducatur,
724 1384 761 1442 ut
784 1375 819 1441 in
843 1376 999 1444 eamdem
1024 1378 1221 1446 sententiam

101 1476 293 1545 concedat?
324 1477 371 1545 Et
394 1488 525 1561 tamen,
550 1479 613 1545 nisi
635 1479 753 1562 fallor,
780 1487 871 1547 recte
886 1489 1020 1548 tuentur
1042 1481 1118 1549 libri
1136 1481 1220 1549 indi·

102 1581 268 1664 cativum,
294 1604 363 1647 non
378 1581 473 1670 quod
493 1604 560 1648 non
586 1582 718 1648 licuerit
734 1583 782 1648 uti
804 1584 1031 1651 coniuncuvo:
1057 1607 1136 1651 nam
1155 1583 1219 1651 de-

100 1684 175 1751 buit
190 1684 248 1750 ille
265 1685 365 1751 etiam
382 1685 483 1777 poni,
510 1686 537 1752 si
554 1684 790 1773 quaerebatur,
816 1707 859 1752 ex
873 1708 941 1775 qua
957 1687 1097 1753 materia
1111 1710 1218 1779 opor-

101 1795 189 1855 teret
202 1795 325 1855 statuas
346 1789 419 1855 illas
439 1788 531 1855 fieri:
557 1787 619 1856 sed
635 1786 729 1876 quod
745 1811 786 1855 eo
806 1809 875 1855 uon
891 1811 978 1879 opus
993 1799 1075 1862 erat.
1128 1792 1219 1859 Nam

101 1913 208 1979 quum
228 1891 296 1957 iam
320 1900 449 1958 certum
473 1899 578 1977 esset,
614 1891 740 1960 debere
760 1892 842 1982 poni
867 1901 1010 1979 statuas,
1045 1894 1122 1962 satis
1148 1902 1220 1963 erat

101 1994 149 2060 ita
178 1994 313 2082 quaeri:
363 2017 457 2086 quas
474 1995 646 2086 ponimus
675 2003 825 2063 statuas
841 1993 1056 2087 fecimusne
1085 2021 1218 2069 aereas

101 2120 151 2164 uu
181 2093 384 2188 lapideas?
423 2098 512 2168 Vide
538 2099 602 2167 alia
629 2098 749 2167 similia
783 2098 880 2190 apud
913 2099 1108 2170 Werferum
1140 2103 1162 2169 l.
1193 2102 1217 2175 l.

101 2224 139 2292 p,
156 2199 244 2269 232.
260 2225 357 2291 seqq.

180 2561 249 2628 De
275 2561 327 2634 dv
355 2583 450 2630 cum
474 2560 770 2630 coniunctico
798 2560 1126 2631 deliberativo.

203 2716 277 2783 lam
293 2717 363 2785 sive
380 2716 612 2784 deliberationi
631 2717 700 2784 sive
718 2715 941 2785 exhortationi
961 2716 1119 2784 inserviat
1134 2740 1218 2785 con-

100 2818 283 2908 iunctivus,
311 2843 426 2887 carere
443 2844 521 2888 eum
540 2820 707 2910 particula
730 2819 775 2891 dn
789 2821 852 2888 viri
875 2820 966 2888 docti
987 2821 1217 2889 observarunt.

99 2920 202 3009 Vide,
231 2945 316 3012 quos
338 2925 614 2992 commemoravit
636 2922 802 2990 Matthiae
820 2924 853 2989 in
870 2923 932 2995 Gr.
952 2946 1004 3015 gr.
1022 2919 1059 3017 §
1077 2921 1164 2996 515.
1182 2921 1216 2991 2.

99 3034 168 3095 not
192 3024 229 3098 l.
247 3026 413 3119 inprimis
430 3025 654 3095 Schaelerum
673 3026 707 3091 in
728 3025 903 3092 Meletem.
920 3049 967 3096 cr.
987 3049 1022 3117 p.
1039 3025 1100 3093 97.
1120 3050 1216 3118 seqq.

100 3127 172 3195 Sed
189 3150 358 3213 caussam,
386 3153 444 3197 cur
456 3130 501 3196 ita
522 3130 579 3216 sit,
601 3151 701 3195 nemo
717 3127 889 3219 explicuit.
942 3127 1078 3195 Dictum
1094 3138 1145 3195 est
1158 3152 1217 3198 su-

98 3251 183 3321 pra,
219 3233 401 3324 particulas
431 3231 476 3304 οἲν
498 3243 533 3301 et
553 3232 612 3305 κέν
640 3231 866 3299 conditionem
890 3230 1090 3321 siguificare.
1143 3232 1218 3300 lam

100 3335 390 3422 quemadmodum
410 3336 443 3402 in
467 3336 645 3403 indicativo
663 3337 781 3427 ἔλεγεν
801 3333 845 3406 ἄν
865 3333 1008 3402 vidimus
1023 3334 1115 3404 idem
1131 3359 1217 3422 esse,

100 3436 195 3525 quod
211 3439 347 3531 ἔλεγεν,
375 3440 411 3510 εἰ
427 3441 564 3530 ἔλεγεν,
591 3440 638 3506 ita
659 3437 780 3505 eadem
794 3437 830 3504 in
848 3439 987 3505 caeteris
1001 3439 1111 3507 modis
1131 3440 1217 3508 ratio

99 3540 242 3614 obtinet.
296 3541 429 3626 Quodsi
443 3543 499 3610 vel
516 3541 724 3610 deliberandi
741 3542 796 3609 vel
814 3540 1015 3609 adhortandi
1032 3566 1147 3610 caussa
1164 3543 1217 3609 di·
1281 3635 1283 3638 Α

100 3666 216 3728 cerm,
243 3646 401 3738 λέγωμεν
425 3643 489 3731 ἄν,
515 3645 598 3714 nihil
621 3644 656 3711 id
672 3645 764 3711 aliud
787 3645 896 3730 foret,
923 3668 1024 3734 quam
1045 3648 1216 3736 λέγωμεν,

100 3748 135 3817 εἰ
147 3749 318 3838 λέγωμεν.
352 3748 439 3817 Vide
453 3771 547 3831 vero,
574 3747 736 3838 quidhoc
749 3748 801 3819 sit.
836 3747 928 3814 Nihil
944 3749 1100 3840 profecto
1114 3748 1215 3832 aliud,

98 3872 203 3937 quam
219 3848 415 3921 debeamus
438 3851 581 3933 dicere,
609 3852 641 3920 si
657 3851 872 3935 debeamus,
900 3852 955 3918 vel
968 3852 1121 3937 brevius,
1149 3853 1215 3921 de-

99 3950 207 4022 beam
219 3953 330 4047 sorte
353 3955 488 4027 dicere.
539 3957 587 4024 At
609 3955 655 4022 ita
676 3979 750 4023 rem
766 3953 940 4021 fortuitam
968 3954 1094 4043 habes,
1127 3980 1216 4047 quae

98 4057 172 4125 fieri
189 4058 331 4146 debeat,
359 4061 386 4128 si
397 4059 468 4129 fors
485 4060 531 4126 ita
546 4059 652 4146 serat,
679 4068 716 4125 ut
729 4058 764 4124 in
778 4057 963 4126 Homerico
977 4059 1055 4149 illo,

204 4215 241 4284 εἰ
255 4215 298 4285 δέ
309 4239 349 4284 ιιι
362 4207 417 4309 μή
434 4206 590 4302 δώωσιν,
623 4205 691 4306 ἐγω
705 4213 747 4285 δέ
759 4239 819 4284 ιιον
840 4204 952 4292 οὗτος
967 4218 1113 4304 ἕλωμαι.

98 4365 146 4435 At
160 4367 220 4436 ubi
235 4366 413 4457 deliberas,
439 4390 508 4436 non
521 4367 604 4458 quid
621 4366 709 4436 forte
725 4365 862 4452 debeas,
889 4367 912 4438 i.
930 4388 960 4438 e.
978 4365 1060 4456 quid
1077 4364 1215 4450 debeas,
