2842 4920
140 285 206 348 8⁰⁰
391 271 687 337 lucanofflttlvtt
707 271 825 335 mna
841 263 997 339 eumve

143 470 273 556 mitior,
316 466 481 558 simulque
513 465 563 534 rei
596 460 893 532 accommodatior·
925 463 1105 557 plueehat‚
1151 439 1251 540 auoi-

146 597 271 647 cavoa.

147 811 196 882 Μ
245 706 354 776 XXV.
396 706 435 775 P.
456 703 517 773 ss.
555 700 876 795 „Euripidisloco
902 701 992 774 Hec.
1013 727 1045 775 v.
1066 702 1154 774 021.
1192 707 1250 776 ed.

192 832 298 904 usgr.

299 942 504 1036 salliuntur
529 934 576 1019 oie
600 934 750 1032 πείσαιμ’
764 942 799 1021 ἐς
824 933 954 1031 sdooio,

13 1107 18 1118 '
145 1099 250 1173 uarie
271 1103 411 1166 tentato
432 1116 458 1164 u
486 1089 655 1176 (laticis,
689 1087 739 1161 ab
752 1091 979 1163 ‚Hermanno
995 1117 1137 1188 parum
1156 1117 1254 1188 pro-

146 1201 319 1274 babiliter
342 1196 527 1292 explicato
550 1195 780 1290 (perdurum
801 1204 858 1266 est
879 1197 991 1286 edm,
1018 1199 1057 1268 ui
1077 1221 1178 1270 mesos
1196 1221 1270 1269 me*

148 1326 275 1377 sensus
284 1301 416 1398 sullit,
442 1299 480 1368 in
496 1299 638 1370 tantulo
655 1299 851 1371 commotio
869 1302 1074 1391 ἑπιδέμνιος
1086 1302 1253 1396 proprie,

147 1402 273 1496 circio,
303 1415 382 1477 tam
405 1401 559 1500 affinem
584 1400 641 1472 illi
664 1422 806 1491 vocans,
829 1401 1010 1500 figurate
1031 1403 1132 1494 dici)
1157 1407 1256 1494 huic,

1 1504 3 1507 ’
146 1514 314 1605 inquam,
340 1508 422 1578 loco
434 1504 625 1601 facillime
643 1525 865 1597 succurras,
891 1506 941 1595 si,
967 1518 1149 1579 commate
1166 1519 1256 1579 ante

148 1613 193 1696 οἷς
208 1613 349 1709 posito,
375 1611 579 1702 ἑαιδέμαιος
600 1607 739 1702 iungas
763 1633 847 1680 cum
868 1609 1158 1703 superioribus.“
1209 1614 1257 1681 Et

147 1718 264 1812 paullo
286 1723 433 1809 poste,
435 1711 534 1799 ,sed
560 1719 602 1780 ut
631 1712 717 1782 aliis
731 1714 888 1833 placeat
911 1713 980 1783 illa
999 1714 1257 1808 interpunctio,

148 1820 237 1890 milti
249 1817 385 1914 fateor
406 1816 630 1910 perplacere
652 1816 857 1911 egregiam
876 1817 1127 1889 coniecturam
1151 1820 1257 1889 Ano-

149 1923 270 2016 upmi,
290 1927 485 2014 receptam
501 1918 606 1987 illam
620 1941 736 2012 nuper
755 1918 804 1992 ah
820 1919 1014 2015 Euripidis
1031 1922 1259 2046 sospitatore

9 2055 20 2065 ·
150 2027 188 2097 in
215 2025 372 2096 editione
399 2020 718 2115 cantabrigiensi,
760 2026 980 2115 ιἰιιδέμαιοα
1040 2014 1190 2117 Εύαῆ’
1171 2053 1257 2101 επι-

50 2133 53 2136 ’
151 2133 295 2222 δέμνιος
330 2127 470 2196 dictum
491 2125 675 2218 perdocte
700 2124 912 2219 planeque
915 2129 1115 2224 Ομηρααῖς.
1177 2128 1257 2198 Vsu.

38 2225 49 2236 ’
153 2230 290 2324 Odyss.
323 2223 405 2298 VII.
432 2226 519 2297 336.
550 2249 648 2319 seqq.
685 2227 843 2298 XXIII.
867 2229 953 2299 179.
984 2253 1038 2323 sq.
1047 2236 1069 2274 “
1128 2231 1255 2303 Mone-

150 2337 249 2424 barn,
287 2348 399 2401 meam
437 2338 586 2398 mentem
616 2352 684 2399 non
716 2342 813 2400 recte
844 2344 1022 2425 acceptam
1055 2358 1139 2408 esse.
1199 2337 1259 2405 Sic

151 2439 239 2508 enim
261 2436 306 2504 ad
328 2434 493 2503 Hecubae
515 2456 546 2502 v.
566 2431 653 2501 901.
679 2434 899 2527 scripseram.
930 2436 1079 2508 Censor
1101 2438 1258 2509 Britan-

149 2565 219 2612 nus
234 2540 451 2631 ’ἑπιδέμνιοι
478 2536 676 2630 legendum
705 2539 928 2632 suspicatur.
990 2539 1101 2637 Quod
1129 2543 1257 2628 miror,

153 2667 260 2739 quum
276 2643 363 2735 ipse,
390 2642 511 2709 allato
531 2640 647 2710 Herc.
656 2638 740 2734 fur.
755 2665 787 2712 v
809 2639 917 2710 1050.
939 2641 1121 2732 observet,
1147 2640 1258 2719 adrolo

144 2745 412 2842 propemodum
437 2743 536 2812 idem
560 2765 640 2812 esse
669 2741 819 2836 quod
795 2771 920 2820 aanor.
982 2747 1097 2818 Adde
1120 2748 1256 2819 Aesch.

154 2852 293 2944 Agens.
315 2870 347 2917 v.
365 2845 425 2915 27.
478 2846 531 2916 lbi
552 2856 603 2914 est
618 2840 731 2970 εὐνῆς
751 2846 1022 2923 ἐπαντείλασαν.
1073 2853 1214 2920 Porro
1204 2876 1255 2921 ιιι-

151 2951 421 3045 terpunctionem
433 2950 543 3034 illam,
564 2941 754 3036 larissaeo
755 2945 977 3074 oiripuoroc
994 2954 1043 3034 sic
1058 2947 1170 3048 αὐγαῖς
1183 2959 1257 3029 im·

154 3056 316 3148 δέμιαος.
358 3049 403 3134 oie
430 3047 580 3143 αι”σοιμ
610 3055 644 3132 ἐς
676 3045 809 3132 adrolo,
847 3053 904 3122 vix
935 3053 1082 3145 hahere,
1123 3079 1193 3147 quo
1221 3081 1278 3137 se,

104 3150 380 3238 zocommendet
439 3155 493 3223 Ex
522 3154 665 3222 Homeri
691 3155 773 3224 locis
794 3155 877 3224 nihil
907 3157 998 3227 aliud
1018 3159 1117 3246 disci,
1154 3183 1257 3251 quarn

155 3260 303 3353 stragula
324 3259 445 3326 iniecta
468 3280 541 3326 esse
564 3257 737 3331 cubilibus.
788 3259 958 3343 Porsonus
981 3285 1084 3353 quam
1104 3263 1258 3357 recepis-

99 3415 106 3441 .
155 3373 205 3432 set
221 3363 462 3446 coniecturam,
492 3360 675 3449 quaesitam
698 3383 771 3430 esse
788 3363 961 3452 multoque
984 3365 1093 3434 minus
1115 3367 1258 3460 elegan-

98 3498 101 3501 “
143 3477 224 3536 tem
246 3487 349 3554 quarn
369 3484 458 3552 quae
479 3463 514 3531 in
533 3463 625 3531 libris
648 3472 714 3550 est,
740 3465 928 3556 pleonasmi
949 3490 1057 3559 genus
1084 3470 1257 3539 continens

155 3568 401 3639 usitatissimum
421 3565 573 3657 tragicis,
607 3566 699 3634 cuius
724 3567 852 3657 aliquot
870 3572 1027 3662 exempla
1047 3594 1258 3642 commemo-

155 3675 283 3742 rabam.
341 3671 416 3739 Nec
444 3669 601 3761 profecto
628 3668 712 3737 illud
745 3671 954 3770 inadipoaou
987 3660 1064 3742 aliis
1091 3677 1258 3768 placuisse

16 3819 20 3824 -
126 3776 272 3844 ·video.
310 3773 390 3863 quin
424 3770 592 3840 Matthiae
618 3781 716 3841 acute
743 3773 906 3858 ostendit,
941 3775 1064 3866 qnod
1067 3780 1260 3876 Ομηριιιῶι

157 3879 278 3946 dixisse
311 3876 399 3944 visus
430 3874 472 3942 sit
499 3874 698 3967 Euripides,
733 3884 768 3944 et
792 3877 945 3947 Homero
972 3889 1007 3949 et
1037 3882 1086 3949 rei
1118 3891 1260 3951 nutmae

156 4001 359 4073 repugnare.
413 3976 594 4070 vulgatam
618 3978 788 4070 aptissimo
818 3964 976 4073 exemplo
1001 4007 1120 4076 nuper
1136 3970 1259 4055 defen·
1318 4065 1320 4069 ,

158 4084 208 4153 dit
228 4078 464 4169 Bernhardy
455 4102 489 4148 ιιι
514 4081 654 4171 syntaxi
677 4105 710 4173 p
728 4079 815 4153 428.
841 4084 948 4174 quod
962 4087 1067 4157 estin
1092 4087 1260 4187 Bacchis.

92 4264 98 4271 ,
159 4178 303 4280 ὑψόθεν
326 4177 551 4315 χαμαιπιτής
575 4184 700 4257 πίπτει
727 4211 816 4282 προς
842 4182 959 4270 οὖδας.
