2842 4920
224 377 299 441 ·aoe
370 324 385 334 ’
484 363 777 430 rucauumruvu
797 367 911 432 tusa
933 367 1141 430 raruvs«
1257 327 1260 332 ’
1377 333 1380 336 ’

234 582 328 632 caret
359 557 531 652 negabam
566 557 666 626 etiam
696 557 886 650 comparari
917 579 1020 650 posse
1056 581 1087 626 v.
1113 554 1200 627 634.
1236 583 1341 651 quem

112 706 124 731 a
233 669 307 760 ipse
331 686 367 757 p.
390 660 451 730 66.
479 663 526 731 sic
552 661 728 730 scriberet:

231 851 234 864 ’
286 816 310 915 ἢ
337 814 393 890 col
418 814 487 911 μὲν
514 811 614 909 ἡμεῖς
635 811 804 910 πανταχῇ
830 811 983 910 δρῶντες
1008 806 1119 909 pila,

236 970 330 1064 quod
355 969 402 1038 ibi
430 966 646 1060 participium
665 975 782 1060 aperte
807 967 962 1036 adiectivi
987 968 1103 1037 officio
1129 968 1339 1061 iungeretur.

112 1064 115 1068 i
235 1073 309 1144 Sed
334 1095 403 1141 uou
428 1094 502 1140 esse
527 1071 722 1140 mutandam
747 1070 910 1139 librorum
942 1072 1158 1165 scripturam,
1190 1095 1259 1162 qua
1286 1073 1340 1140 ui-

235 1178 284 1246 hil
306 1177 414 1245 sanius
434 1182 537 1243 esset:

288 1327 389 1424 ἢσοὶ
413 1328 482 1419 μὲν
507 1323 609 1424 ἡμεῖς
634 1325 803 1424 πανταχῇ
828 1326 981 1423 δρῶντες
1008 1325 1120 1422 φίλοι.

234 1483 314 1574 lpse
345 1489 466 1575 postea
495 1480 531 1548 in
553 1479 700 1549 editione
732 1479 915 1571 Sophoclis
947 1489 1092 1570 utroque
1121 1480 1198 1547 loco
1224 1487 1340 1547 tacens

234 1583 443 1654 Bruuclrium
466 1585 561 1674 sequi
588 1582 691 1652 satius
716 1583 820 1656 duxit.

288 1803 298 1809 .
337 1737 510 1808 xxxvlt
550 1738 589 1807 P.
609 1730 695 1804 115.
722 1759 827 1826 quum
853 1719 1079 1806 couteudisset
1101 1729 1131 1807 ai
1156 1759 1234 1804 cum
1256 1735 1363 1816 sui)-¹

237 1843 379 1912 stautivo
410 1850 444 1911 et
469 1840 635 1909 adiectivo
661 1840 875 1908 coniunctum
903 1862 1039 1933 semper
1061 1839 1255 1932 proximum
1279 1840 1341 1907 ha·

236 1946 319 2016 bere
339 1968 461 2014 nomeu
482 1944 637 2037 gravius,
663 1943 883 2033 dixissetque:
911 1943 1043 2040 „Quae
1062 1965 1170 2035 qaum
1183 1943 1239 2012 ita
1255 1943 1340 2033 siut,

230 2048 411 2142 pervelim
439 2072 464 2118 a
498 2048 667 2118 Persona
701 2046 862 2116 excitari
887 2070 907 2115 e
932 2045 1175 2140 scriptoribus
1194 2045 1341 2140 probae

239 2152 469 2222 Graecitatis
494 2151 635 2243 aliquot
660 2150 762 2220 locos
782 2150 919 2219 similes
943 2149 1028 2219 huic
1057 2152 1094 2219 iu
1119 2150 1239 2244 Epist.
1266 2151 1340 2221 Cu·

238 2255 325 2323 thol.
360 2251 490 2322 Iacobi
522 2253 578 2321 Π.
612 2252 671 2322 20.
705 2248 734 2323 oi
761 2250 935 2347 ἄνθρωπε
968 2255 1088 2327 νενέ.“
1122 2255 1156 2322 iu
1190 2253 1341 2323 subiecta

236 2356 452 2426 adnotatione
486 2355 533 2425 sic
574 2355 719 2448 scripsit:
759 2353 838 2442 „Id
868 2354 950 2425 viro
981 2356 1129 2444 eximio,
1170 2366 1211 2427 ut
1243 2379 1340 2426 auuc

234 2462 354 2556 ipsum
378 2460 505 2543 video,
540 2459 643 2529 haud
671 2455 830 2554 difficile
853 2458 934 2528 erit.
995 2458 1084 2532 Vide
1108 2459 1197 2531 mihi
1222 2461 1341 2555 ipsum

236 2558 458 2658 Sophoclem
475 2562 617 2633 Electr.
640 2586 671 2630 v.
689 2559 776 2629 622.
803 2557 989 2655 aidps‘uu’
1007 2561 1158 2643 ἀναιδές.
1178 2589 1209 2633 υ.
1229 2562 1339 2635 1161.

236 2665 265 2741 ai
282 2670 391 2760 δέμας
405 2660 562 2762 οἰκτρόν.
606 2665 809 2758 Euripides
836 2664 976 2734 Bacch.
990 2662 1077 2738 598.
1103 2669 1160 2737 ed.
1176 2665 1338 2743 Bruuch.

236 2796 389 2943 ‘ioli‘
405 2770 804 2945 ltltlllllll
829 2767 1128 2966 lllllllll·
1158 2770 1339 2966 {llll

236 2998 332 3067 qaae
357 2976 443 3044 item
462 2975 708 3069 postpositam
733 2973 895 3045 habeant
918 2998 1047 3046 uomeu
1061 2979 1250 3071 gravius,
1267 2977 1339 3072 sa-

235 3079 298 3148 cili
324 3101 438 3174 epera
469 3078 689 3173 investigari
711 3083 863 3172 pusse.“
914 3079 1021 3170 Mihi,
1057 3082 1084 3149 si
1109 3103 1234 3151 nomeu
1256 3104 1339 3173 gra-

93 3174 98 3185 ’
233 3183 307 3251 vius
342 3191 377 3251 et
408 3181 555 3273 priorem
588 3191 623 3251 et
654 3183 877 3275 posteriorem
909 3184 1022 3251 locum
1057 3193 1172 3254 tenere
1211 3193 1338 3276 posset,
1386 3250 1391 3255 .

95 3336 98 3345 .
229 3285 317 3379 pihil
349 3284 583 3354 interfuturum
615 3286 809 3369 videbatur,
852 3296 926 3354 utro
958 3287 1063 3356 modo
1094 3289 1187 3378 loqui
1219 3287 1339 3377 aliquis

234 3388 433 3478 praeferret.
493 3389 540 3456 At
572 3390 715 3457 multum
748 3389 926 3457 iuteresse:
968 3396 1047 3458 uam
1079 3401 1171 3460 certa
1198 3391 1282 3483 lege
1311 3385 1340 3462 ai

234 3492 322 3582 poui-
340 3500 416 3559 aute
438 3512 562 3559 nomeu
587 3491 676 3580 eius,
709 3491 804 3583 quod
830 3492 904 3581 quis
930 3495 1136 3585 appellaret:
1171 3494 1286 3584 itaque
1312 3493 1339 3560 si

235 3594 390 3678 miseros,
422 3594 481 3684 qui
509 3594 608 3685 pueri
638 3605 766 3676 esseut,
796 3594 862 3662 dici
888 3590 917 3666 ai
944 3595 1083 3692 οἰκτροὶ
1110 3601 1249 3677 uuidsrr
1288 3597 1340 3665 siu

109 3769 113 3777 ,
161 3776 168 3786 ,
235 3720 379 3788 pueros,
413 3697 472 3788 qui
499 3697 628 3779 miseri,
662 3695 691 3771 ai
719 3702 842 3777 παῖδες
876 3698 1025 3792 οἰκτροὶ.
1065 3693 1137 3768 'sic
1164 3700 1221 3790 qui
1244 3698 1340 3791 apud
1402 3760 1405 3765 a

236 3801 410 3870 l’latouem
440 3798 567 3869 diceret
596 3794 626 3872 ai
657 3807 727 3875 aui
763 3801 865 3884 uait,
906 3824 973 3869 uon
1005 3802 1163 3871 admirari
1192 3803 1341 3870 formam

235 3903 351 3992 pueri,
383 3902 446 3970 sed
474 3925 596 3972 vocare
625 3927 721 3994 eum,
756 3905 813 3995 qui
833 3921 920 3994 puer
945 3905 1112 3975 formosus
1144 3906 1339 3974 haberetur.

236 4004 299 4073 Sio
327 4004 536 4096 Sophoclem
576 4002 605 4078 ai
638 4004 782 4100 diup'
812 4003 957 4089 ἀναιδές
995 4019 1029 4079 et
1065 4005 1094 4082 oi
1126 4010 1235 4101 δέμας
1278 4011 1341 4081 οἰ-

235 4099 365 4202 uapor,
394 4108 440 4175 sic
466 4109 629 4178 Iacobum
655 4138 687 4182 ω·
710 4107 883 4203 ἄνθρωπε
912 4112 990 4187 usui
1016 4113 1148 4181 dixisse.
1200 4111 1242 4179 ld
1259 4111 1339 4204 pla-

212 4209 366 4309 ,uissime
399 4210 548 4304 perspici
580 4235 623 4281 ex
657 4211 833 4305 Euripidis
863 4237 981 4301 versu,
1015 4239 1117 4306 quem
1146 4238 1215 4283 uon
1244 4214 1340 4284 affe-
