2842 4920
344 379 636 442 mcuumffltrvu
661 379 776 441 LIBER
798 379 950 444 PRIMVS.
1138 389 1204 452 Mb

93 577 325 670 ignoscerem,
366 595 429 642 nec
457 574 639 666 periclitari
668 574 847 644 videbatur
882 574 1081 644 existimatio
1111 599 1200 666 mea,

93 678 292 772 praesertim
308 677 352 744 ab
368 699 421 762 eo,
446 677 505 766 qui
521 700 595 746 eam
613 679 737 769 capulo
752 678 878 762 feriret,
903 700 963 746 sua
976 701 1077 746 manu
1093 681 1200 750 aciem

89 779 311 875 prehendens
331 778 446 872 gladii.
498 780 600 869 Quid
611 782 719 869 enim,
746 783 774 850 sl
794 781 868 869 quis
887 782 929 849 en
945 782 1116 872 utriusque
1134 806 1199 852 no-

94 896 201 954 strum
215 883 347 975 scriptis
361 904 422 970 eo,
448 904 518 971 quo
532 882 693 976 deinceps
706 883 824 952 ordine
838 883 928 952 edita
942 893 1028 967 sunt,
1050 887 1107 954 illa
1123 909 1199 956 om·

94 991 150 1057 nia
168 987 347 1078 colligeret
367 995 470 1076 atque
497 995 733 1080 componeret,
759 989 793 1057 in
816 987 936 1078 quibus
957 990 1042 1056 alter
1063 990 1199 1060 alterius

95 1091 300 1161 mentionem
319 1091 375 1159 vel
395 1089 590 1158 nominatim
618 1092 692 1178 vel,
723 1100 762 1158 ut
785 1091 842 1159 ille
859 1092 1078 1183 plemmque,
1115 1116 1200 1186 sup·

96 1216 217 1287 presso
235 1194 369 1261 nomine
391 1192 557 1262 fecimus?
616 1195 852 1284 Numquamne
882 1196 1043 1289 cogitavit
1067 1196 1199 1266 Schne-

97 1299 207 1383 fems‚
247 1297 329 1385 quid
362 1304 397 1364 et
428 1298 584 1385 aequales
610 1321 699 1366 nunc
724 1298 857 1382 dicant,
901 1307 934 1366 et
968 1300 1048 1368 olim
1080 1299 1201 1369 dicturi

98 1403 164 1469 sint
179 1400 325 1491 posteri,
351 1422 496 1490 quorum
516 1402 747 1492 incorruptum
769 1401 931 1469 iudicium
952 1403 1015 1470 sibi
1036 1425 1105 1471 non
1126 1427 1199 1473 me-

32 1501 36 1507 ’
98 1502 261 1572 tuendum
281 1512 396 1596 putat,
423 1503 451 1570 si
469 1502 524 1572 his
538 1514 608 1572 tam
626 1505 741 1591 claris,
766 1512 836 1573 tam
851 1526 919 1573 nou
937 1505 1046 1573 dubiis
1060 1509 1199 1576 vocibus

99 1616 280 1696 utrumque
308 1615 460 1675 nostrum
495 1607 539 1675 de
568 1631 605 1675 se
636 1608 746 1700 ipsum
775 1630 844 1697 quo
875 1609 985 1676 animo
1009 1593 1200 1701 quibusque

99 1710 249 1780 moribus
272 1709 316 1777 sit
334 1719 495 1778 testantes
522 1710 679 1778 videant?
730 1710 786 1778 Ad
810 1710 915 1798 haec,
946 1734 1033 1801 quae
1062 1713 1096 1779 iu
1117 1736 1201 1782 con-

100 1820 224 1905 spectu
250 1822 327 1880 suut
351 1812 524 1882 homiuum
548 1815 789 1904 litteratorum,
822 1813 989 1882 accedunt
1010 1814 1083 1901 illa,
1114 1812 1202 1905 qu'ae

101 1916 196 1984 domi
217 1916 310 1983 fiunt.
363 1917 434 1985 Scit
452 1918 526 2010 ipse
553 1940 623 2007 quo
645 1917 755 1986 studio
780 1917 899 2004 fuerit,
933 1939 1039 2007 quum
1061 1919 1202 2012 Reisigii

100 2019 261 2088 irritabile
283 2042 343 2087 cor
357 2017 496 2111 Oedipo
512 2018 664 2088 Coloneo
686 2044 777 2093 ame
792 2020 884 2088 edito
904 2021 1070 2089 interitum
1092 2023 1203 2114 spira-

102 2124 178 2210 bat,
210 2122 255 2190 de
273 2145 341 2212 qua
357 2146 394 2190 re
418 2124 497 2192 alibi
521 2123 636 2214 lepida
658 2125 888 2192 narrabuntur.
940 2125 1019 2192 Non
1033 2125 1203 2211 infitiatur,

10 2221 14 2226 ’
103 2249 167 2294 nec
190 2234 304 2317 potest
325 2226 475 2312 infitiari,
510 2250 548 2295 se
570 2228 606 2294 in
626 2227 835 2296 sennouibus
857 2250 935 2295 cum
955 2226 1014 2318 iis,
1047 2229 1105 2318 qui
1126 2251 1204 2298 eum

103 2331 210 2398 visum
235 2327 387 2419 veniunt,
427 2331 718 2399 vehementissime
744 2339 778 2399 et
802 2331 1131 2400 contumeliosissime
1159 2332 1204 2402 de

103 2456 159 2502 me
173 2432 335 2522 conqueri
355 2433 484 2521 etquid
503 2442 695 2523 patraturus
712 2435 754 2501 sit
768 2433 918 2501 minitari.
957 2432 1038 2525 Ego
1055 2434 1204 2524 quidem,

105 2537 165 2626 qui
178 2535 329 2603 iniuriam
344 2536 387 2603 ab
402 2558 444 2604 eo
458 2536 522 2602 sibi
536 2536 662 2602 factam
674 2535 775 2603 ulturi
789 2544 900 2619 eraut,
925 2537 1019 2601 oravi
1041 2559 1084 2604 ne
1101 2537 1138 2605 id
1151 2538 1206 2605 fa-

107 2647 232 2728 cerent,
253 2639 519 2728 asseveravique,
546 2639 573 2706 si
595 2638 808 2727 sciretquam
821 2636 958 2704 iniustus
975 2647 1074 2728 esset,
1094 2639 1207 2731 ipsum

105 2743 215 2834 magis
229 2764 333 2831 quam
342 2743 415 2809 illos
432 2741 630 2810 doliturum:
652 2742 845 2834 pariterque
861 2739 1001 2808 defendi
1016 2764 1094 2810 eum
1106 2753 1207 2833 atque

107 2847 262 2914 excusavi
281 2844 375 2936 apud
398 2847 492 2933 illos,
518 2847 576 2935 qui
597 2868 665 2913 non
681 2845 782 2937 pauci
806 2844 919 2931 fuere,
947 2867 1032 2934 quos
1050 2846 1206 2939 indigna·

106 2959 159 3016 toa
171 2949 249 3016 eius
271 2948 505 3017 maledicentia
524 2949 699 3036 videbam,
730 2948 866 3037 dixique
886 2956 1063 3038 aegrotare
1085 2950 1208 3020 eodem

107 3052 247 3138 morbo,
273 3074 342 3141 quo
363 3052 566 3120 laboraverit
590 3052 616 3118 l.
638 3052 683 3119 H.
705 3049 860 3139 Vossius,
891 3049 942 3116 vir
962 3051 1133 3121 voluntate
1156 3052 1221 3123 ἰιι-Ι

110 3164 198 3244 stus,
232 3155 328 3223 factis
361 3178 464 3247 saepe
492 3155 637 3225 iniustus.
699 3154 820 3243 Neque
850 3152 939 3221 enim
977 3153 1105 3251 mimm,¹
1125 3179 1209 3244 esse,

109 3259 218 3325 vnum
234 3258 356 3326 multas
368 3258 524 3326 fortunae
536 3258 724 3348 iniquitates
749 3265 946 3349 expertum,
972 3257 1209 3350 conscinmque

110 3361 173 3437 sibi
190 3382 339 3453 magnae
362 3362 535 3452 multoque
559 3363 676 3430 labore
700 3371 820 3452 partae
841 3358 1033 3450 doctrinae,
1066 3386 1210 3453 eamque
1316 3409 1318 3421 ·

31 3505 35 3512 ·
110 3487 132 3531 a
154 3465 357 3553 quibusdam
381 3488 448 3532 nou
468 3466 567 3553 tanti,
593 3467 709 3554 quanti
732 3487 877 3555 aequum
902 3464 964 3551 sit,
990 3465 1079 3550 lieri,
1106 3476 1209 3556 atque

110 3565 199 3635 adeo
220 3569 320 3653 alios,
356 3591 440 3658 quos
464 3591 501 3636 se
521 3569 628 3637 multo
645 3568 819 3637 inferiores
842 3589 914 3634 esse
933 3567 1075 3657 iudicet,
1105 3574 1243 3660 prae-‘l

111 3670 192 3738 ferri
204 3673 266 3740 sibi
279 3671 490 3758 credentem,
515 3673 706 3763 paullatim,
728 3669 925 3763 praesertim
940 3671 1015 3737 sise
1032 3692 1209 3741 aconsue-

111 3772 226 3842 tudine
248 3775 424 3843 bominum
447 3784 624 3867 segreget,
651 3775 737 3845 adeo
761 3775 969 3865 suspicacem
990 3772 1081 3859 fieri,
1104 3784 1142 3842 ut
1159 3777 1212 3844 ni-

111 3875 161 3943 bil
175 3900 243 3945 uon
256 3879 291 3946 iu
307 3879 488 3970 pessimam
507 3890 640 3970 partem
656 3878 815 3971 accipiat,
842 3897 996 3966 quaeque
1011 3876 1084 3966 ipse
1101 3879 1213 3948 animo

114 3982 315 4049 exacerbato
335 3981 397 4048 sibi
412 3983 544 4082 tinuerit
561 4005 626 4074 pro
646 3983 731 4050 veris
753 3981 899 4065 habens,
926 3978 1037 4048 omnia
1058 3981 1120 4050 sibi
1142 3992 1214 4052 atra
1386 4070 1391 4075 Ι

114 4096 255 4152 cern'ere
280 4084 441 4155 videatur.
504 4085 602 4153 Haec
625 4085 763 4175 quidem
792 4105 896 4173 quum
921 4081 1006 4169 feci,
1038 4105 1107 4152 non
1128 4095 1214 4178 puto
1258 4166 1259 4169 Ἴ

113 4207 170 4254 me
185 4188 218 4256 ei
229 4188 361 4256 iniurias
374 4187 533 4256 intulisse.

218 4290 418 4360 succensuit
429 4290 511 4359 milri
526 4291 690 4382 primum,
716 4297 754 4358 ut
769 4288 907 4379 quidem
922 4288 968 4355 ait
983 4295 1017 4355 et
1037 4310 1143 4379 usque
1158 4315 1214 4360 re-

116 4392 220 4484 petit,
246 4394 425 4464 novissime
445 4394 481 4463 iu
505 4392 677 4465 Plutarchi
699 4393 776 4467 Vol.
794 4393 836 4461 V.
862 4414 897 4485 p.
919 4389 981 4464 ut).
1008 4398 1110 4480 atque
1129 4393 1216 4465 adeo
