2842 4920
498 343 581 409 LIB.
607 345 660 406 111.
706 345 801 409 CAP.
822 352 852 413 8.

159 565 184 634 ρ.
199 535 256 608 16.

199 694 293 766 ἔνθα
318 717 359 763 uc
385 694 466 787 666
492 691 600 784 φέροι
624 685 737 763 ιιλοτό
762 689 893 782 τεόχεα
921 697 1140 768 Πανθοΐδαο
1259 709 1262 714 ’

198 791 409 890 Ἀτρείδης,
438 794 473 864 εἰ
494 791 548 884 μή
575 798 611 864 οἱ
634 787 820 885 ἀγάσσατο
850 799 984 890 Φοῖβος
1008 793 1207 872 Ἀπόλλων.

156 945 233 1016 396.

359 1095 506 1173 οὐδέν’
527 1096 642 1222 ''A66s
669 1097 863 1191 λαοσσόος,
891 1098 1039 1178 06666'
1065 1096 1207 1226 Αδήνη
1263 1096 1267 1106 ’

198 1198 322 1296 τόνγε
341 1198 498 1275 ἰδοῦσΗ
478 1196 658 1290 ονόσαιτᾎ
686 1200 766 1277 οὐδ’
785 1232 815 1276 ει
810 1199 932 1315 ’μόλοι
949 1234 1016 1300 μιν
1032 1200 1169 1296 χόλος“’
1151 1235 1233 1279 ιιιοι

152 1350 344 1425 Herodotus
369 1357 445 1429 1111.
471 1354 559 1428 186.
586 1356 646 1427 καὶ
669 1358 795 1429 ἔπειτα
821 1359 894 1431 τόν
921 1360 1121 1451 ἐπιβατέων
1127 1354 1259 1480 αὐτῆς

151 1455 214 1533 τόν
236 1453 563 1532 καλλιστεύοντα
539 1453 736 1551 αγαγόντες
760 1460 818 1532 ἐπὶ
838 1454 905 1556 τήν
926 1456 1073 1582 666666
1094 1461 1157 1554 τῆς
1177 1456 1261 1583 νηός

152 1564 332 1656 ἔσφαξαν,
361 1565 540 1689 διαδέξιον
561 1557 774 1682 ποιεόμενοι
792 1557 859 1634 τόν
874 1563 971 1637 εἶλον
990 1565 1064 1635 τόν
1077 1557 1260 1687 Ἑλλήνων

151 1666 296 1762 πρῶτον
313 1692 373 1735 παι
365 1659 593 1738 κάλλιστον.
616 1692 668 1758 τῳ
655 1665 722 1737 66
738 1668 1007 1758 σφαγιασθέντι
1026 1659 1145 1793 τοότφ
1169 1663 1258 1737 όνο-

150 1795 200 1860 μα
217 1763 262 1864 ἤν
278 1768 402 1840 Λέων
425 1762 608 1858 τόχαδ’”
583 1795 629 1839 αν
644 1796 681 1839 τι
698 1768 757 1839 καὶ
773 1770 841 1840 τοῦ
856 1795 1037 1858 ονοματος
1047 1774 1257 1862 επανροιτο

150 1871 221 1939 1111.
244 1868 330 1938 214
359 1870 550 1990 ειδιιημεν
564 1895 634 1966 γαρ
655 1898 700 1942 αν
716 1897 775 1942 και
794 1899 862 1944 εων
875 1898 926 1966 μη
918 1865 1106 1991 Μηλιέας
1120 1897 1257 1991 ταυτην
1328 1895 1333 1902 ·
1375 1899 1379 1908 ·

151 1967 216 2068 τήν
237 1966 405 2068 α’τραπόν
425 1967 592 2069 Ονήτης,
620 1976 655 2044 εἰ
673 1973 719 2102 τό
741 1967 838 2096 χόρφ
861 1967 977 2045 πολλοὶ
999 1967 1224 2070 οἱμιληιιως
1194 1977 1257 2071 σιἠ.

150 2069 410 2147 1Χ.11.α’λλοῖ
429 2075 549 2147 ταῦτα
566 2075 634 2165 μὲν
658 2076 718 2147 καὶ
743 2048 916 2171 φθόνῳ
892 2104 937 2147 αν
958 2078 1105 2149 εἴποιεν.
1159 2076 1256 2144 Haec

151 2180 260 2248 omnia
277 2178 376 2246 etiam
393 2178 437 2247 de
459 2188 694 2269 repraesento
712 2181 768 2247 vel
784 2180 898 2247 futura
915 2178 983 2246 dici
998 2180 1203 2271 potuissent,
1230 2179 1258 2247 si

150 2305 200 2351 res
217 2283 419 2401 postularet.
469 2280 650 2351 Caeterum
664 2283 911 2370 animadverte,
937 2305 1001 2412 pro
1027 2285 1103 2351 solis
1116 2283 1181 2350 illis
1198 2280 1261 2405 πφδ

150 2379 191 2458 τό
206 2412 266 2457 ιιεν
291 2380 373 2458 ἕνδ
396 2377 573 2456 ἀπόλοιτο
594 2395 628 2454 et
644 2387 736 2460 ἔνθα
758 2414 797 2458 ιε
813 2392 893 2483 ῥεῖα
909 2391 1016 2482 φέροι
1036 2388 1136 2454 etiam
1155 2378 1260 2455 όπό

150 2485 273 2562 λετο”
247 2515 309 2575 αν,
336 2488 463 2584 ἔφερεν
482 2485 528 2560 ἄν
541 2488 610 2554 dici
621 2489 783 2580 potuisse,
811 2491 890 2578 quia
906 2511 1035 2579 opponi
1025 2491 1161 2581 potest
1177 2483 1259 2558 όλλ
1292 2561 1296 2568 ,

151 2587 214 2664 οοίι
236 2583 428 2679 οἱπόλετο,
464 2586 547 2661 ἀλλ’
569 2588 632 2664 οὐκ
659 2593 777 2686 ἔφερε.
832 2591 904 2660 Sed
929 2591 1055 2659 dictum
1080 2593 1151 2660 sine
1173 2589 1259 2658 illius

150 2693 368 2814 oppositionis
387 2695 602 2785 cogitatione,
629 2696 816 2815 optativum
833 2696 1039 2787 postulabat,
1065 2703 1103 2763 ut
1115 2701 1259 2780 caetera,

150 2797 316 2887 inquibus
331 2819 399 2863 uon
412 2805 526 2888 potest
539 2800 668 2889 opponi
683 2800 894 2870 contrarium.

255 2899 383 2968 Contra
404 2900 448 2968 de
480 2924 518 2968 re
540 2904 722 2993 praeterita
744 2926 831 2992 qnae
855 2904 910 2971 vel
934 2902 1119 2970 diuturnior
1139 2902 1179 2970 sit
1206 2900 1261 2969 vel

151 3003 283 3094 saepius
301 3005 458 3095 repetita,
479 3006 663 3095 praesentis
680 3006 866 3096 optativum
889 3006 1004 3096 posuit
1017 3005 1212 3091 Herodotus
1233 3003 1259 3071 1.

151 3105 185 3180 2
204 3107 264 3174 ubi
284 3129 389 3195 quum
405 3108 525 3174 Persas
545 3131 680 3175 narrare
700 3108 851 3193 dixisset,
877 3108 1053 3199 Europam
1077 3130 1098 3173 a
1119 3106 1261 3173 Graecis

151 3209 363 3300 quibusdam,
390 3233 535 3299 quorum
547 3213 612 3303 ipsr
602 3210 743 3279 sedem
757 3211 918 3295 nesciant,
939 3218 1071 3302 raptam
1086 3231 1170 3295 esse,
1197 3207 1262 3276 ad-

151 3313 214 3381 dit:
243 3310 461 3409 εἴησανδ’“
436 3341 481 3386 αν
503 3312 608 3387 οὗτοι
628 3314 782 3412 Κρῆτες.
798 3314 947 3409 suerint
966 3313 1029 3383 isti
1059 3313 1261 3384 Cretenses,

151 3415 222 3484 Sed
239 3416 360 3483 eadem
374 3416 521 3486 formula
540 3420 643 3486 utitur
656 3417 701 3486 de
720 3443 758 3487 re
779 3427 957 3548 praesente
973 3419 1015 3486 11.
1039 3411 1260 3485 6111195.

151 3519 248 3587 ldem
267 3519 342 3586 1111.
357 3517 443 3588 184.
471 3517 587 3649 666
558 3549 607 3592 ων
627 3518 793 3616 ἄνδρες
769 3550 814 3595 αν
836 3519 908 3595 εἷεν
928 3526 966 3594 έν
983 3516 1128 3593 αὐτοῖσι
1142 3520 1263 3592 τέσσε-

153 3648 209 3717 ρες
233 3615 408 3716 μυριάδες
439 3622 499 3694 ναὶ
531 3626 653 3695 εἴκοσι.
713 3625 812 3710 Quae
842 3626 1008 3716 scriptura
1035 3632 1128 3691 recte
1162 3630 1213 3688 est
1243 3644 1265 3688 a
1382 3636 1389 3642 ·

152 3724 480 3844 Schweighaeusero
495 3727 649 3817 praelata
669 3728 734 3815 illi,
762 3750 865 3818 quam
887 3728 1022 3796 Reizius
1040 3734 1075 3793 et
1095 3723 1261 3793 Schaefe-

152 3851 209 3896 rus
223 3851 266 3896 ex
278 3829 395 3919 paucis
414 3828 515 3897 codd.
530 3839 742 3921 receperunt,
766 3827 880 3926 ἤδη
851 3859 900 3904 ων
915 3830 960 3901 δν
975 3825 1027 3925 ἦν.
1079 3829 1160 3896 Νοιι
1176 3827 1264 3895 enim

152 3939 266 4023 potest
279 3932 408 4023 opponi
418 3927 499 4004 αλλ’
515 3928 579 4005 οὐκ
595 3929 650 4028 66.
700 3934 792 4019 Quin
804 3941 917 4026 potest
932 3934 1033 4001 etiarn
1051 3939 1089 3999 ut
1102 3930 1146 3999 de
1160 3955 1264 4022 prae-

153 4043 246 4102 sente
268 4033 359 4102 dicta
384 4035 495 4127 accipi
523 4036 610 4104 haec
632 4039 802 4105 sententia.
856 4036 952 4104 ldern
973 4036 997 4103 1.
1021 4034 1081 4103 16.
1105 4028 1201 4123 τόχα
1226 4034 1265 4106 δέ

154 4134 198 4256 δν
226 4136 287 4209 ναὶ
311 4143 348 4209 οἱ
369 4131 595 4232 α’ποδόμενοι
615 4134 799 4233 λέγοιεν’
774 4134 992 4232 απιιιόμενοι
1013 4143 1046 4218 ἐς
1071 4131 1263 4233 Σπάρτην,

154 4236 198 4319 σός
212 4236 538 4339 α’ναιρεδείησαν
515 4268 586 4313 οπο
579 4234 768 4334 Σαμίων.
820 4243 1019 4336 Intelligitur
1033 4241 1124 4310 enim
1137 4240 1174 4306 id
1187 4263 1263 4308 sae-

154 4343 227 4433 pius
251 4343 296 4412 ab
321 4344 385 4412 illis
407 4367 481 4414 esse
505 4345 702 4472 dictitatum
755 4345 802 4441 Et
825 4347 917 4415 11111.
941 4344 1026 4423 136.
1054 4336 1243 4432 τόχαδ*
1219 4370 1264 4414 αν
