2842 4920
543 349 632 411 LIB.
655 348 678 410 Ι.
721 349 820 410 CAP.
842 352 893 413 12.
1224 359 1265 420 61

150 539 230 610 illud
254 547 369 607 autem
392 536 487 628 quod
504 561 539 630 p.
561 534 622 613 55.
639 562 682 609 ex
698 538 811 632 lphig.
835 540 868 606 in
893 539 968 608 Aul.
991 538 1077 608 944.
1094 546 1264 635 apposuit,

149 646 248 738 piane
264 665 334 710 non
346 642 516 734 pertinere
538 643 584 710 ad
606 644 820 713 omissionem
840 643 1042 735 particulae,
1069 647 1148 733 quia
1169 651 1267 738 quod

150 748 299 816 Achilles
317 745 416 832 dicit,

251 910 323 1010 e'yoi
348 910 517 996 scimusne
543 911 588 1013 ἦν
614 913 679 1014 αἶρ’
707 911 933 1013 Ἀργείων
908 908 1022 1014 ανῆρ,

253 1014 323 1111 ἐγω
350 1048 393 1092 το
385 1013 551 1116 μηδεᾝν
577 1016 832 1101 Μονέλιωςδ
858 1027 897 1095 ἐν
923 1014 1121 1143 οἷνδροῖσιν,

253 1151 299 1203 ως
326 1123 408 1213 ου’χὶ
439 1124 602 1244 Πηλέως,
630 1119 712 1196 αλλ
733 1117 940 1248 ἀλάστορος
966 1116 1097 1217 γεγώς,

253 1229 355 1323 οἵπερ
383 1219 532 1322 φονεύει
557 1219 699 1317 τούμόν
726 1224 845 1321 ὄνομα
872 1254 921 1322 σῳ
949 1221 1065 1301 πόσει·

151 1380 238 1466 hunc
257 1419 395 1465 sensum
416 1395 539 1464 habet.
572 1419 629 1464 me
651 1419 746 1490 ergo
765 1395 931 1492 infimum
954 1396 1201 1490 Argivorum,
1227 1408 1265 1469 et

151 1502 249 1570 nullo
266 1500 349 1569 loco
366 1498 592 1582 habendum,
620 1501 833 1569 Menelaum
858 1510 981 1571 autem
1001 1501 1120 1569 virum
1141 1510 1264 1595 putu-

153 1602 213 1674 dut
239 1603 517 1697 Agamemnon,
553 1603 586 1673 si
605 1627 685 1673 meo
699 1605 842 1672 nomine
865 1605 919 1672 ud
945 1604 1098 1672 caedem
1110 1603 1264 1696 sacien-

154 1709 241 1777 dom
265 1706 439 1777 abutitur.
491 1708 673 1799 Dionysius
696 1730 778 1775 vero
803 1707 881 1774 Hal.
907 1708 1035 1775 inerte
1060 1707 1147 1775 rhet.
1176 1731 1205 1775 c.
1229 1707 1264 1775 4.

153 1835 184 1905 p.
201 1809 291 1897 24Ί,
314 1811 349 1879 9.
365 1811 418 1882 ed
435 1810 552 1879 Reisk.
570 1811 616 1878 ad
628 1834 731 1901 quern
747 1812 861 1879 locum
875 1809 932 1878 illa
948 1809 1119 1879 adnotavit
1131 1809 1265 1880 Sohae-

153 1916 259 2003 fcrus‚
296 1937 400 2004 quum
420 1915 553 2005 scripsit
578 1910 621 2007 ἦν
646 1915 714 2006 μὲν
736 1910 802 1986 οὖν
824 1912 883 1985 καὶ
904 1908 1006 2010 παροῖ
1025 1919 1183 2008 Σαπφοῖ
1202 1914 1266 2011 τῆς

154 2020 246 2098 ἰδέας
256 2011 390 2112 ταύτης
404 2016 705 2114 παραδείγματα,
727 2039 795 2085 non
820 2026 870 2086 est
892 2017 930 2084 id
950 2026 1042 2086 recte
1060 2016 1265 2087 Schaeferus

154 2123 192 2190 sie
216 2124 473 2212 interpretatus:
510 2143 641 2214 posses
673 2121 820 2213 quidem
858 2120 970 2189 etium
993 2120 1031 2188 in
1060 2119 1263 2215 sapphicis

155 2225 318 2318 exernplu
335 2225 441 2295 huius
445 2223 602 2316 formae
616 2225 789 2316 reperire.
828 2226 918 2292 Nam
933 2234 967 2292 et
982 2221 1112 2320 οὐρεῖν,
1140 2227 1168 2294 si
1180 2224 1265 2294 illud

154 2329 308 2397 voluisset
323 2328 482 2420 scriptor,
509 2328 637 2396 addere
651 2327 840 2417 debuisset,
866 2350 931 2398 nec
941 2349 1093 2421 posses,
1120 2329 1182 2397 sed
1192 2351 1266 2422 po-

155 2440 254 2502 teras
277 2432 363 2499 verti
383 2433 583 2524 oportebat,
611 2433 690 2520 quia
709 2431 879 2499 nonlicet
901 2452 1097 2523 opponere,
1132 2441 1174 2501 ut
1193 2454 1267 2500 non

151 2545 253 2628 potes
281 2534 450 2603 invenire.
502 2538 612 2604 Recte
627 2557 709 2602 vero
727 2535 886 2623 loquutus
910 2545 962 2601 est
978 2533 1171 2624 Dionysius,
1196 2534 1266 2602 hoc

154 2640 283 2708 rolens:
304 2638 341 2706 iu
349 2648 527 2731 promptu
542 2646 652 2708 erum
667 2638 834 2730 exemplo
848 2637 885 2706 ιἰι
898 2635 1112 2730 Sapphicis,
1138 2635 1266 2730 quibus

155 2743 202 2812 uti
218 2750 416 2836 poteram:
447 2744 516 2813 sed
531 2742 616 2810 nolo
638 2741 683 2813 iis
706 2742 769 2810 uti.
821 2740 896 2810 Sed
916 2742 1003 2811 satis.
1056 2740 1151 2810 Nihil
1177 2742 1266 2812 eninr

155 2868 238 2938 opus
255 2846 436 2938 exemplis,
463 2869 550 2936 quae
567 2845 641 2934 quis
661 2867 703 2913 ex
718 2843 836 2934 quovis
851 2845 1016 2939 scriptore
1031 2846 1166 2914 millena
1180 2869 1266 2938 pos-

155 2950 190 3017 sit
207 2949 380 3041 colligere.

253 3051 355 3119 Talia
375 3054 489 3144 potius
511 3049 635 3117 offerre
659 3070 786 3140 operae
805 3049 952 3140 pretium
972 3055 1042 3131 est,
1082 3049 1117 3115 in
1146 3049 1266 3136 quibus

156 3154 306 3223 additum
321 3156 363 3223 sit
377 3153 437 3244 ἄν,
465 3153 625 3245 quoniam
641 3150 685 3219 de
702 3174 742 3219 ea
759 3148 950 3239 tequidem
967 3147 1170 3217 dubitarunt.
1204 3150 1266 3217 Est

155 3259 239 3327 enim
259 3258 361 3326 etiam
382 3257 446 3326 illis
471 3257 600 3341 verbis,
623 3278 711 3346 quae
732 3255 934 3347 plerumque
958 3261 1074 3320 carent
1088 3253 1267 3344 particula,

152 3350 341 3431 iecessario
367 3362 542 3444 addenda,
576 3360 635 3427 ubi
658 3358 859 3426 contrarium
878 3358 1011 3426 illorum
1034 3357 1214 3426 verborum
1232 3358 1267 3425 in

154 3473 263 3533 mente
276 3464 451 3534 habemus.
502 3463 667 3559 Incipiam
682 3463 725 3530 ab
740 3462 863 3554 insigni
879 3462 924 3530 ad
942 3483 1017 3530 rem
1031 3460 1267 3530 demonstran·

155 3568 231 3636 dam
251 3569 331 3637 loco
356 3567 628 3637 Demosthenis
618 3590 653 3634 ru
680 3564 768 3638 Mid
792 3560 947 3656 p.525,
990 3559 1050 3631 15.
1079 3593 1111 3636 ει
1140 3564 1267 3686 τρίνυν

156 3667 296 3794 ἀπέχρη
309 3699 395 3752 τους
415 3677 492 3752 τοῖς
511 3667 723 3749 Διονυσίοις
735 3697 774 3742 τι
789 3668 987 3748 ποιοῦντας
1002 3694 1095 3739 κατα
1111 3660 1266 3747 τούτους

155 3800 236 3897 τρυς
249 3768 387 3944 αρ’μους
401 3773 502 3868 δίκην
523 3767 686 3865 διδόναι,
714 3768 859 3892 οὐδεν
834 3799 879 3843 αν
892 3771 1068 3889 upocddcr·
1070 3768 1180 3841 τοῦδι
1197 3768 1267 3841 τοῦ

157 3977 252 4071 dent,
280 3988 315 4048 et
331 3990 449 4073 aperte
471 3979 668 4072 oppositum
684 3987 753 4065 est,
779 3971 874 4051 α’λλα
894 3978 1040 4073 προςδεῐ
1054 4001 1123 4049 του
1139 3970 1265 4068 νόμου.

158 4080 347 4174 Sophocles
363 4082 452 4154 Oed.
469 4082 544 4154 001.
562 4077 674 4150 1365.

258 4256 341 4328 οἰδ
344 4250 534 4349 ἑξέφυσα
561 4226 666 4332 scindo
690 4278 742 4348 μη
766 4245 909 4344 pavoni
933 4273 1094 4372 τροφρυς

258 4350 324 4439 τοῖς
350 4351 550 4446 παῖδας,
525 4385 547 4446 η
577 4353 647 4428 τοῖν
674 4349 740 4428 ουίι
765 4382 812 4427 αν
836 4347 899 4442 ἦν,
925 4379 969 4425 το
997 4378 1062 4424 σον
1088 4350 1206 4446 μορυς·
1273 4412 1276 4418 .
