2842 4920
455 353 810 442 convinn-
1103 367 1169 433 sm
1258 396 1269 432 s

52 559 112 625 θα
137 544 195 640 δ’,
228 544 290 615 sed
312 537 443 619 ἐνθάδ’
462 547 666 638 correxeris,
693 550 772 619 satis
792 551 881 620 bene
902 552 1016 621 omnia
1037 551 1165 641 cohae-

52 655 187 723 rebunt
214 651 292 718 Erit
306 649 392 717 illud
407 644 541 724 ἐνθάδε
557 650 602 718 ad
614 653 735 721 montis
750 653 833 722 ldae
847 656 923 723 loca
937 656 1164 744 referendum,

53 756 235 848 inquibus
259 752 411 844 degebat
432 753 543 841 Panic,
576 756 704 823 utiam
729 766 888 846 sequatur
912 758 995 848 quid
1013 759 1070 828 iile
1092 771 1164 830 tum

56 861 184 954 egerit,
211 879 316 948 quum
335 857 475 925 adeum
496 859 626 926 veniret
645 858 846 930 Mercurius.
899 863 988 930 Ante
1010 864 1164 935 ultimum

55 965 181 1033 horum
193 983 353 1031 versuum
372 959 498 1049 aliquid
515 961 728 1030 excidisse
696 987 752 1031 mr
768 973 883 1056 potest
898 965 1051 1035 dubitari.

108 1067 204 1243 ῃῖῖ.
195 1063 307 1138 127.
334 1063 379 1135 de
400 1058 565 1159 μεθήσας
584 1065 747 1136 videndus
764 1068 958 1141 Lobcckius
977 1069 1021 1137 ad
1036 1071 1162 1164 Phryn.

56 1194 93 1264 P·

160 1305 203 1377 V
219 1301 305 1373 136.

107 1458 240 1579 χειροῖν
255 1452 479 1553 μειδιόωντα
496 1458 591 1583 δίκης
604 1460 863 1558 προπάροιθεν
881 1463 1013 1537 ἑλοῦσα

49 1631 52 1635 f
108 1568 209 1636 τοῖον
230 1556 455 1659 Ἀλεξάνδρῳ
469 1557 668 1660 μυθήσατο
684 1565 811 1657 μῦθον
829 1560 982 1663 Αθήνη.

57 1717 184 1785 Tribus
199 1715 286 1783 hacc
303 1714 429 1794 affecta
448 1726 524 1785 sunt
540 1717 636 1805 vitiis,
656 1719 781 1808 primo,
800 1716 894 1807 quod
907 1742 976 1786 non
990 1727 1066 1788 sunt
1079 1742 1166 1790 nexa

57 1819 306 1913 superioribus3
329 1821 489 1908 secundo,
504 1821 598 1912 quod
613 1844 684 1889 non
699 1830 843 1913 apparet
858 1844 918 1889 cur
931 1823 1025 1891 Paris
1039 1823 1166 1908 rideat3

57 1926 174 2010 tertio,
200 1924 294 2012 quod
310 1925 485 1993 Minervae
505 1947 687 2015 personam
704 1924 849 1993 dedecet
870 1924 927 1992 hic
951 1927 1165 2019 supplicandi

57 2027 190 2097 modus.
223 2027 255 2093 E
269 2029 346 2096 cod.
360 2029 448 2097 Mut.
464 2028 636 2118 scripturis
650 2033 734 2121 μειλ
754 2055 775 2100 ν
803 2054 890 2100 εντα
907 2036 941 2096 et
957 2030 992 2096 in
1005 2031 1073 2099 tine
1086 2054 1165 2100 vcr-

58 2153 113 2198 sus
131 2123 278 2224 ἒλάσσης
295 2155 417 2200 vereor
437 2141 475 2200 ut
490 2131 616 2221 aliquid
633 2133 706 2200 erui
718 2132 835 2223 possit.
887 2131 966 2200 Fuit
981 2134 1076 2202 haud
1097 2135 1164 2203 du-

56 2235 113 2303 bie
127 2255 195 2326 pro
209 2232 277 2302 hoc
293 2258 394 2304 versu
415 2236 506 2303 aliud
522 2235 606 2325 quid
625 2237 787 2329 scriptum
802 2259 823 2302 a
840 2243 961 2326 poeta:
987 2237 1062 2329 ipse
1083 2261 1163 2307 ver-

58 2360 114 2406 sus
131 2344 244 2404 autem
263 2348 298 2407 et
314 2340 478 2432 genuinus
499 2347 597 2407 estet
612 2341 811 2430 aptissimus,
838 2339 865 2406 si
879 2339 913 2406 in
928 2341 1041 2409 locum
1055 2364 1154 2410 suum
1164 2341 1215 2413 16

56 2449 243 2533 reponatur
256 2452 381 2535 postu.
398 2438 485 2510 158.
500 2441 560 2510 ubi
572 2442 617 2510 de
629 2440 763 2514 Venere
777 2442 1005 2534 impudentius
1022 2445 1165 2514 instante
1268 2500 1270 2506 .

58 2565 170 2613 sermo
190 2553 257 2614 est.

108 2703 195 2773 τοῖα
211 2697 249 2771 δὲ
262 2692 462 2821 μειδιόωσα
478 2698 691 2794 προσέννεπε
706 2693 983 2820 μηλοβοτῆρα

110 2800 243 2898 χειρῶν
256 2795 479 2893 μειδιόωντα
494 2799 589 2898 διίιης
602 2792 857 2897 προπάροιθεν
871 2798 1015 2874 cierico-

161 2954 206 3028 V.
223 2953 309 3022 144.
335 2955 447 3024 Νοιιιιί
467 2936 670 3023 sectatorum
687 2952 779 3020 stilus
793 2950 894 3020 scribi
907 2953 1019 3042 iubet,

110 3122 266 3206 πείθεο,
293 3125 543 3214 ιιαὶπολέμοος
555 3147 595 3194 σε
611 3119 671 3193 ναὶ
685 3114 838 3220 ἠνορέην
857 3148 897 3195 σε
914 3116 1056 3206 διδάξω.

60 3296 157 3365 Libri
171 3297 351 3389 πολέμους
363 3323 406 3369 τε
419 3294 491 3368 ναί.
543 3293 631 3363 Sunt
641 3292 729 3360 haec
744 3292 852 3377 levia,
882 3291 944 3361 sed
961 3301 1076 3362 tamen
1096 3317 1165 3364 non

59 3399 276 3493 negligenda.
327 3398 504 3468 Eiusmodi
525 3406 576 3467 est
601 3419 792 3489 pronomen
817 3398 874 3488 σε’,
909 3397 1002 3485 quod
1023 3421 1055 3466 v.
1079 3398 1165 3471 148.

60 3513 153 3572 recte
172 3502 353 3572 Bekkcrus
373 3514 408 3570 et
420 3501 612 3571 Wernikius
634 3499 680 3567 ad
693 3500 829 3569 Coluth.
848 3524 885 3593 p,
901 3498 986 3568 264.
1002 3511 1080 3592 post
1094 3497 1166 3574 πά-

61 3632 146 3704 οης,
172 3629 241 3674 non
256 3615 338 3699 post
350 3601 493 3704 Ἀσίης,
519 3604 780 3696 utLennepius‚
806 3604 1164 3677 inscrtumvoluerunt.

60 3710 99 3778 In
109 3732 151 3778 eo
165 3718 278 3779 autem
295 3710 355 3802 qui
370 3709 540 3778 antecedit
555 3729 656 3777 versu
663 3708 769 3776 verba
781 3707 828 3775 sic
844 3707 1004 3799 distingui
1020 3706 1165 3777 debent:

113 3881 211 3974 εἶμι
227 3879 420 3979 διακρίνων
433 3879 741 3977 προφερέστερον,
768 3878 869 3973 ἔρνος
884 3871 1071 3958 ὀπάσσαις.

61 4050 172 4121 immo
187 4054 224 4125 εἰ
236 4053 304 4144 μέ,
329 4051 482 4141 inquiant
494 4050 553 4140 qui
572 4050 666 4142 apud
685 4046 1001 4138 Tryphiodorume
1023 4070 1055 4122 v.
1077 4047 1166 4124 4⁰5.

61 4154 110 4247 μὲ
124 4154 186 4228 ναὶ
204 4149 337 4252 αὐτην,
364 4155 496 4244 aliaque
512 4153 591 4222 alibi
602 4152 719 4222 similia
732 4150 974 4244 procuderunt,
1001 4175 1088 4242 quae
1101 4178 1165 4222 no-
1210 4188 1211 4191 ν

61 4257 115 4326 bis
132 4281 202 4326 non
219 4258 374 4328 videntur
388 4281 462 4327 esse
481 4281 550 4328 non
564 4256 755 4350 appetentis
776 4255 1062 4330 soloecismorum.
1109 4255 1168 4332 Ἦ

62 4355 110 4467 μ’,
123 4355 288 4460 ἀνάειρ’,
314 4360 338 4460 ἤ
352 4353 421 4457 iyoi
435 4361 485 4436 σε’.
