2842 4920
192 1426 272 1513 uu
304 1417 812 1514 mscmpuromnvs
846 1418 1205 1528 ovinvsnmu

538 1573 805 1664 eunucis
824 1574 869 1695 1)
1087 1590 1090 1597 ·
1198 1575 1234 1592 ··

592 1873 802 1886 ——t—

150 2067 196 2170 In
224 2099 424 2170 lectionibus
449 2100 681 2193 Academicis,
716 2124 799 2190 quas
827 2122 929 2192 super
955 2109 1027 2169 arte
1054 2101 1169 2169 critica
1192 2101 1259 2170 ha-

149 2207 294 2295 bebam,
327 2227 432 2293 quum
452 2202 497 2270 ad
520 2228 598 2272 eum
617 2205 731 2273 locum
749 2204 978 2298 pervenissem
998 2205 1056 2295 qui
1075 2203 1120 2274 dc
1140 2206 1259 2275 insert

150 2309 321 2403 ptionibus
341 2309 377 2376 in
400 2309 625 2376 monumentis
648 2318 716 2394 est,
750 2309 943 2398 vellemque
963 2307 1046 2399 quid
1069 2309 1103 2377 iu
1124 2331 1167 2377 eo
1194 2333 1260 2402 ge·

151 2436 233 2481 uere
254 2410 503 2480 observandum
531 2421 618 2478 esset
646 2412 803 2501 exemplo
830 2411 943 2498 aliquo
969 2410 1166 2501 ostendere,
1197 2435 1259 2479 ve-

151 2509 272 2584 nerunt
296 2514 332 2582 in
351 2523 500 2582 mentem
525 2513 694 2582 mirabiles
719 2513 773 2579 illi-
791 2512 987 2608 ταχείριοι,
1014 2536 1097 2603 quos
1123 2515 1157 2581 in
1177 2536 1260 2581 cen-

152 2643 230 2688 sura
261 2617 426 2710 Syllogae
459 2618 742 2709 epigrammatum
777 2615 988 2684 Graecorum
1022 2639 1043 2684 a
1075 2615 1260 2686 Welckero
1300 2642 1304 2651 ’

153 2723 265 2792 editae
286 2722 475 2814 attigeram.
518 2722 620 2788 lstam
646 2719 750 2812 igitur
764 2719 1032 2810 inscriptionem,
1055 2719 1129 2810 (est
1147 2729 1260 2790 autem
1285 2734 1287 2743 ’
1313 2791 1321 2803 „
1359 2808 1362 2815 ν

151 2848 295 2895 numero
314 2824 510 2915 centesima)
526 2832 715 2914 quamtum
732 2824 841 2892 obiter
855 2846 918 2892 nec
937 2824 981 2892 de
1003 2824 1164 2892 industria
1180 2847 1259 2892 con-

153 2929 389 3015 sideraveram,
416 2927 461 2994 ad
487 2949 566 2996 eum
590 2949 688 2994 usum
713 2925 877 2993 adhibere
903 2928 1068 3014 constitui,
1100 2927 1182 2995 nihil
1203 2951 1260 2996 re-

153 3033 245 3101 ferre
271 3041 381 3116 ratus,
415 3045 474 3098 seu
499 3038 615 3123 posset
645 3053 705 3098 seu
727 3053 794 3097 non
820 3039 938 3119 posset
960 3030 1128 3120 explicari.
1181 3032 1260 3097 Non

81 3140 88 3155 '
155 3137 244 3205 euim
269 3135 348 3202 artis
371 3134 506 3202 criticae
533 3142 583 3202 est
604 3155 647 3201 ex
671 3130 776 3200 nihilo
803 3131 928 3220 aliquid
953 3131 1162 3225 producere,
1199 3133 1261 3201 sed

154 3238 283 3323 videre,
308 3238 458 3331 possitne
484 3235 611 3326 aliquid
632 3259 761 3305 annon
782 3235 863 3319 erui,
889 3244 932 3319 et,
959 3237 986 3304 si
1012 3234 1147 3324 aliquid,
1177 3235 1260 3326 quid

154 3342 237 3410 illud
263 3363 337 3409 esse
363 3364 442 3408 sana
469 3348 503 3408 et
528 3340 641 3408 sobria
665 3340 749 3407 ratio
775 3339 943 3432 probabili
972 3340 1260 3433 argumentatione

156 3446 297 3516 evincat.
342 3444 461 3534 ltaque
487 3466 592 3533 quum
617 3442 757 3530 librum,
782 3465 835 3510 ⁴en
859 3466 930 3533 quo
957 3451 1091 3534 sumpta
1124 3452 1174 3512 est
1205 3444 1260 3511 illa

154 3549 345 3641 inscriptio,
370 3548 484 3638 ipsum
508 3546 726 3638 inspicerem,
754 3545 858 3636 quod,
882 3570 986 3636 quum
1013 3568 1188 3615 censuram
1219 3546 1262 3614 il-

154 3652 222 3719 lam
242 3648 442 3740 scribebam,
469 3659 507 3718 ut
526 3651 670 3718 alienum
697 3673 717 3717 a
740 3649 876 3716 consilio
900 3673 978 3719 meo
998 3672 1066 3718 non
1094 3648 1261 3718 feceram:

154 3754 311 3823 volebam
339 3756 427 3822 enim
452 3752 510 3822 illo
536 3763 690 3846 tempore
717 3752 889 3820 dumtaxat
915 3753 958 3822 de
978 3752 1144 3820 vocabulo
1167 3753 1261 3842 quod

154 3857 355 3927 Welckerus
367 3856 545 3926 invenisset
562 3858 695 3926 dicere:
722 3857 832 3925 statim
850 3855 1069 3925 animadverti
1089 3855 1259 3947 aliquanto

241 4158 273 4243 *)
297 4163 474 4223 Germanice
492 4161 605 4242 scripta
627 4159 701 4218 haec
724 4125 951 4239 prodierant'in
973 4157 1069 4218 lebnii
1095 4159 1260 4220 Annalibus

155 4270 183 4311 a.
201 4253 295 4316 1829.
318 4248 380 4309 vol.
395 4248 432 4310 ΙΙ.
452 4250 524 4311 fasc.
538 4249 577 4309 ΙΙ.
601 4267 630 4328 1).
645 4249 717 4312 209.
733 4258 815 4325 seqq.
835 4251 865 4305 et
885 4245 1108 4310 1830.v01.11.
1126 4247 1198 4306 fasc.
1213 4245 1261 4308 tv.

154 4354 186 4414 P·
207 4333 281 4401 455.
296 4354 380 4415 seqq.
