2842 4920
555 390 860 456 couvrfll.
1197 405 1263 470 225

209 585 242 657 εί
251 587 355 656 τοίαι
370 574 544 677 μεμάασιν
560 585 599 657 ἐν
613 577 815 680 Ἀργείοισι
830 588 1001 676 γυναῖκες.

164 739 244 806 Nam
264 736 360 827 quod
381 735 426 804 de
444 734 609 804 Menelao.
623 736 856 828 interpositum
875 747 944 825 est,
969 761 1080 829 neque
1101 742 1262 815 cohaeret

163 864 233 908 rum
245 841 377 930 reliqua
389 839 550 929 oratione,
577 862 688 929 neque
702 839 802 908 decet
815 841 983 915 Paridem.
1034 838 1100 912 Est
1112 847 1167 915 ille
1181 872 1261 917 ver·
1342 908 1346 913 .

162 967 227 1029 sus,
255 944 283 1012 si
310 942 394 1033 quid
412 941 530 1030 video,
556 942 709 1011 Helenae
731 944 944 1030 tribuendus,
971 945 1064 1014 cuius
1087 951 1193 1018 oratio
1217 974 1260 1020 eo

159 1047 384 1115 additamento
399 1055 498 1113 aucta
514 1047 615 1138 plane
629 1046 813 1138 respondet
821 1047 964 1116 Parrdrs
961 1050 1110 1140 orationi,
1124 1077 1158 1123 v.
1172 1052 1258 1123 312.

206 1199 310 1293 ἔγρεο
325 1196 409 1282 miv,
436 1192 699 1295 Σπάρτηθεν’
680 1226 738 1272 επι
730 1197 891 1298 Τροίην
908 1228 956 1293 με
970 1194 1154 1293 κόμισσον.

206 1307 365 1397 ἕψομαι,
393 1297 438 1380 οἱς
453 1303 643 1394 Κυθέρεια
658 1295 784 1394 γάμων
798 1302 968 1395 βασίλεια
981 1301 1129 1383 ιελειίιι.

206 1400 250 1476 οὐ
266 1404 409 1522 τρομέω
426 1401 688 1495 Mavs'laov,‘'
666 1431 711 1476 οτ
742 1403 788 1476 dr
807 1404 919 1533 Τροίη
941 1431 989 1498 με
1006 1401 1126 1508 νοήση.

98 1581 100 1587 ,
204 1502 320 1580 οἶσθα
333 1497 404 1602 γάρ
419 1503 465 1585 dc
483 1507 673 1586 Μενέλαος
687 1500 911 1590 άνοίλιιδάι’
893 1534 971 1582 εστι
989 1515 1190 1613 γενέθλης

255 1659 299 1732 V.
314 1655 400 1727 316.
427 1659 644 1731 scribendum
658 1667 782 1750 puto:
1256 1679 1305 1749 21

203 1805 267 1895 ναξ
285 1804 384 1885 δί’
334 1838 455 1885 ποναν
473 1810 655 1907 ἄμπαυμα
669 1839 741 1935 ρετ
747 1806 907 1909 ηἐλίοιο
922 1804 1117 1894 νολεάθοας

201 1911 318 1988 ὕπνον
336 1914 576 2011 ἐλαφρίζουσα
593 1908 783 2012 παρῄορον
799 1912 942 1988 ὤπασεν
959 1910 1023 2013 ηοῐ

200 2012 397 2116 ἀρχομένη.

150 2154 304 2224 Helenae
319 2155 447 2224 seducet
454 2177 522 2223 uox
538 2154 600 2223 sub
614 2176 770 2224 auroram
786 2151 881 2223 dedit
893 2176 1048 2223 somnum
1061 2154 1256 2245 inquietum.

150 2257 203 2328 lle
225 2281 312 2328 voce
332 2259 389 2327 illa
415 2256 622 2354 παρῄορον,
656 2281 759 2349 quam
781 2257 939 2350 praetulit
960 2259 1062 2328 etiam
1087 2258 1256 2349 Graefius,
1327 2311 1332 2319 ,

150 2362 315 2432 videndus
331 2360 522 2430 Wemildus
542 2360 587 2428 ad
602 2361 794 2452 Tryphiod.
810 2360 896 2429 371.

252 2466 293 2536 V.
322 2462 407 2535 319.
440 2464 665 2533 Scribendum
690 2487 763 2531 esse
789 2455 926 2555 κεράων
954 2458 989 2535 d'
1020 2457 1255 2556 ἀπελάμπετο

149 2560 301 2662 ια’σμος,
334 2567 554 2637 Homericum
575 2565 661 2635 illud
691 2559 794 2659 χάρις
817 2560 853 2637 θ’
877 2558 1112 2656 ἀπελάμπετο
1141 2560 1258 2663 πολλῆ

150 2671 306 2742 ostendit.

252 2774 295 2847 V.
321 2770 408 2846 337.
435 2771 573 2860 Scribe,
600 2771 656 2846 ἔτι
675 2768 850 2845 κλαίουσα
873 2758 1045 2875 νοσήσας.
1098 2767 1255 2875 Arguunt

149 2877 400 3055 sequebtlaaso.
420 2985 513 3047 rece
529 2969 642 3072 11εῆ
657 2997 771 3066 τακατ
759 2972 851 3043 νᾶ
865 2993 953 3063 ‹1⁰sse
967 2992 1047 3038 ¹¹¹⁰*
1061 2982 1255 3066 “quun-‘¹¹¹’

650 3107 708 3182 καί
722 3113 756 3189 ἐς
772 3106 930 3201 λειμοίνα
943 3107 1109 3201 μολοῦσα

182 3255 184 3258 ·
201 3210 331 3315 ωράαν
350 3208 563 3314 δροσόεντος
577 3209 667 3313 ὑπὲρ
684 3211 825 3285 πεδίοιο
843 3202 1023 3297 θαάσσει,

150 3371 177 3440 si
192 3371 327 3464 integra
342 3377 462 3456 essent,
488 3390 557 3436 non
569 3372 709 3459 possent
724 3365 785 3434 nisi
775 3363 844 3433 dc
860 3362 985 3433 celebri
995 3362 1144 3454 quodam
1160 3360 1255 3453 apud

150 3475 336 3565 Spartanos
362 3481 464 3566 prato
492 3472 663 3539 Horarum
683 3470 805 3589 accipi,
861 3467 915 3536 De
942 3490 984 3536 eo
1009 3466 1093 3535 mihi
1115 3464 1254 3553 quidem

150 3577 233 3645 nihil
246 3579 392 3662 lectum,
418 3597 529 3663 neque
548 3574 697 3642 auditum
711 3572 833 3664 opinor
853 3569 1018 3657 colutho,
1044 3566 1137 3661 apud
1151 3589 1253 3657 quem

149 3703 258 3770 quum
283 3627 489 3772 respondeat
511 3676 717 3764 Hermiona,
751 3671 833 3747 οἶδα
857 3667 1090 3752 κελεύθοος’
1073 3698 1106 3751 ες
1129 3664 1252 3766 ρόθον,

150 3809 185 3863 ες
210 3782 385 3875 λειμιάνα,
414 3779 574 3850 credibile
593 3789 644 3848 est
662 3776 823 3847 excidisse
843 3797 994 3861 versum,
1018 3774 1141 3863 inquo
1162 3793 1253 3839 rose-

149 3893 222 3953 tum
251 3887 307 3953 vel
336 3907 452 3970 rosae,
487 3890 718 3951 ornamentum
746 3880 935 3963 Horarum,
973 3884 1254 3945 commemoratae

149 3989 284 4058 luerint
336 3934 529 4078 Sequdntur
545 3985 582 4053 hi
597 4006 728 4053 versus.

201 4124 225 4221 ἢ
242 4117 335 4221 χρόα
353 4115 539 4217 πατρῴοιο
554 4121 774 4216 λοεσσαμένη
787 4119 985 4209 ποταμοῖο,
1123 4150 1126 4155 ,

203 4225 339 4322 VWO,
366 4218 662 4320 ustulabant
669 4213 872 4317 E'dpu'rao
891 4219 1066 4315 ρεέθροις.
1177 4307 1180 4313 ἢ

151 4381 321 4475 Apertum
335 4386 388 4447 est
400 4376 500 4446 scribi
514 4375 640 4445 debere
654 4369 1253 4470 λοεσσομένη.8ε(1111ι11οιοιοιειι

201 4497 325 4568 Hunni.
351 4495 495 4570 Οι.111.
1014 4487 1044 4554 P
