2842 4920
193 375 258 442 Μ
444 371 736 434 lNCREDlBlLlVll
759 370 872 437 umen
895 369 1048 432 PRIMVS.

298 561 360 660 γῆς
378 562 542 642 Πέλοπος
565 553 694 634 νάεται
715 558 774 634 nal
792 556 1000 652 Αγαιιδοςς
1022 555 1162 636 ὁππότε
1179 558 1301 636 avoc*

298 664 432 762 ἤλθετε
458 658 700 756 πευσόμενοι,
727 661 772 744 ὥς
796 691 858 737 ιιεν
884 661 1110 761 πτολίεθρον
1137 669 1248 764 ἕλητε.

198 819 448 918 Addebamque
486 818 646 906 Homeri,
685 808 781 886 haud
809 818 926 910 paullo
966 818 1105 909 potioris
1141 819 1301 910 Apolline

199 923 361 1010 auctoris,
394 922 550 1014 exempla
571 922 746 1010 nonnulla,
782 922 902 1012 quibus
928 921 1116 990 adducerer
1140 923 1303 991 utistum

199 1050 364 1097 canonem
395 1049 465 1094 non
495 1034 588 1094 recte
623 1026 837 1095 constitutum
872 1026 946 1093 ess‘e
980 1025 1165 1095 crederem.
1228 1025 1304 1094 Sed

200 1131 245 1200 de
277 1130 343 1198 hac
373 1153 411 1198 re
441 1152 530 1197 nunc
562 1129 676 1198 dicere
705 1151 816 1198 serum
849 1136 915 1214 est,
952 1137 1135 1220 postquam
1166 1129 1303 1222 etipse

199 1234 421 1320 Schaeferus‚
448 1256 536 1323 quae
556 1230 614 1300 hic
640 1232 837 1324 disputavit,
863 1231 907 1298 ad
931 1231 1094 1324 Sophocl.
1118 1231 1208 1302 0ed.
1225 1232 1302 1302 col.

200 1335 311 1405 1418.
333 1359 398 1429 pro
420 1338 517 1406 certis
540 1335 801 1425 indubitatisque
821 1333 941 1412 haberi
963 1335 1086 1421 noluit,
1113 1346 1147 1404 et
1161 1358 1228 1428 ego
1244 1359 1303 1402 ra-

197 1442 323 1509 tionem
346 1441 439 1507 illam
461 1439 596 1508 uberius
630 1440 806 1533 explanavi
827 1439 862 1506 in
883 1438 921 1506 iis
947 1461 1034 1529 qnae
1058 1438 1104 1507 de
1127 1437 1174 1512 άν
1193 1440 1303 1531 parti-

198 1544 276 1613 cula
300 1544 428 1637 scripsi.
509 1563 517 1583 ‘

299 1692 440 1765 xxxv.
474 1696 515 1768 ε.
537 1694 624 1768 roo.
652 1692 819 1783 „simios
833 1694 1067 1765 εεεεεεεεηεε
1082 1644 1305 1764 'eximendus

202 1800 350 1892 Hymno
370 1798 568 1878 Homerico
588 1798 625 1868 ιἰε
647 1800 818 1869 Cererem
843 1823 875 1868 v.
892 1797 980 1872 272.
1007 1822 1060 1892 oq.
1194 1807 1197 1811 “

790 1949 835 2032 σός
861 1950 907 2024 cla
930 1953 1059 2025 ἔπειτα

302 2052 454 2151 εὐαγέως
479 2057 661 2151 ἔρδοντες,
688 2048 780 2148 ἐμόν
805 2048 892 2130 νόον
915 2050 1136 2129 ἱλάσκοισθε.

206 2209 368 2302 Corrigo
396 2201 600 2304 ἱλάσνησθε.
660 2203 727 2276 Sic
757 2206 943 2278 Homerus
975 2207 1022 2277 11.
1046 2206 1153 2276 XVI.
1185 2203 1319 2299 vj84„

301 2357 346 2442 άς
372 2357 418 2431 άν
444 2385 512 2451 μοι
536 2352 649 2457 τιμήν
674 2351 835 2458 μεγάλην
860 2360 921 2434 ναὶ
946 2362 1051 2445 νόθος
1075 2360 1194 2459 άρηαι.

132 2537 146 2609 ss
197 2513 259 2586 udi
292 2515 341 2584 al.
361 2534 567 2607 perperam
595 2508 714 2609 ἄροιο.
728 2517 750 2555 “
799 2515 908 2584 Huius
943 2502 1046 2606 quem
1078 2515 1159 2584 dicit
1192 2515 1303 2582 soloe-

199 2619 293 2690 cismi
311 2619 438 2710 aliquot
458 2639 501 2685 ex
518 2616 673 2684 Homero
688 2619 844 2710 exempla
859 2618 1063 2709 afferebam,
1090 2641 1236 2709 quorum
1249 2641 1304 2686 sa-

198 2724 239 2794 tis
264 2732 313 2792 est
335 2721 404 2791 hoc
428 2743 535 2789 unum
553 2717 718 2806 adscribi,
745 2719 813 2790 Od
836 2722 879 2790 ll.
903 2719 964 2793 52.

245 2863 248 2880 ⁸
302 2880 343 2948 ολ
365 2866 504 2970 πατρός
528 2872 597 2965 μὲν
620 2899 653 2954 ες
677 2868 777 2995 ρῖιιον
804 2870 1021 2998 ἀπερρίγασι
1050 2875 1202 2947 νέεσθαι

301 2973 487 3074 Ιειαρίου,
514 2971 619 3057 oica
638 2970 749 3058 αότός
775 2971 992 3051 εεδνόοαετο
1020 2971 1201 3071 θόγατρα.

198 3134 321 3222 Neque
354 3126 441 3200 enirn
467 3131 556 3198 solas
588 3129 788 3220 particulas,
822 3129 885 3198 sed
917 3131 1132 3216 sententiam,
1170 3153 1212 3198 ex
1239 3153 1306 3220 qna

200 3255 316 3304 earum
338 3234 539 3302 constructio
563 3231 746 3325 penderet,
780 3235 936 3326 spectari
950 3234 1076 3303 debere
1103 3234 1304 3301 arbitrabar:

150 3336 296 3428 25quod
317 3360 375 3427 qur
364 3337 540 3426 faceret,
567 3337 828 3418 intellecturum
855 3360 915 3405 cur
939 3337 985 3404 in
997 3338 1127 3428 hymno
1152 3346 1247 3405 recte
1269 3359 1306 3404 se
1341 3333 1344 3337 ’

199 3441 344 3510 haberet
363 3441 553 3539 optativus,
586 3439 622 3507 in
638 3439 745 3508 Iliade
757 3442 877 3510 autern
900 3441 1127 3552 coniunctivae
1150 3448 1306 3533 praesta·

70 3584 74 3590 ·
199 3554 261 3619 ret.
313 3545 403 3613 Nam
423 3542 599 3635 inhymno
623 3541 690 3611 hoc
707 3544 844 3614 dicitur:

251 3695 358 3816 ὄργια
385 3691 418 3768 δ
435 3689 529 3787 αὐτη
556 3690 646 3790 ἑγων
672 3690 934 3820 ὑποθήσομαι,
962 3693 1006 3777 oie
1031 3693 1078 3768 άν
1099 3696 1228 3769 ἔπειτα

253 3795 404 3892 εὐαγέως
431 3804 628 3896 ἔρδοντες’
610 3793 700 3893 εμόν
719 3792 806 3873 νόον
824 3795 1046 3873 ιλάσιιοισθε

200 3951 239 4019 ln
264 3951 369 4019 Iliade
396 3961 535 4029 autem.

251 4100 486 4178 πείθεοθΗ
457 4134 502 4186 ως
533 4134 595 4179 τοι
622 4099 690 4200 cycl
714 4099 841 4198 μόθον
867 4107 1012 4186 τέλος
995 4134 1033 4179 εν
1066 4103 1173 4201 φρεσὶ
1200 4103 1307 4199 θείω,

162 4286 165 4296 ,
252 4204 297 4288 oie
323 4203 368 4278 άν
393 4233 462 4300 μοι
488 4235 601 4304 τιμην
626 4201 785 4307 μεγάλην
810 4237 869 4281 ιιαι
862 4207 1044 4289 ''aridoe
1018 4235 1131 4308 αρηαι
1177 4252 1178 4259 1

251 4303 341 4407 πρός
365 4301 513 4384 πάντων
537 4309 709 4384 Δαναόν.
