2842 4920
236 345 301 407 302
340 382 344 388 ·
438 339 493 399 DE
515 335 803 398 HYPERBOLE
826 333 1156 400 nlssnnrnrlo.

238 552 320 599 vero
346 552 435 598 nunc
461 549 616 618 quoqne,
650 526 818 615 inquiunt,
850 525 878 592 si
903 548 1097 647 numquam
1114 534 1235 618 erepta
1257 469 1349 598 fuit?

238 635 373 725 Nempe
393 631 439 701 ob
464 632 534 698 id
525 653 648 723 ipsum.
701 628 799 697 Idem
822 637 873 697 est
895 630 985 698 enim
1004 654 1044 697 ac
1072 630 1100 697 si
1126 631 1273 720 diceret,
1314 642 1350 701 et

238 737 386 832 patrium
419 758 493 804 esse
523 734 560 801 id
584 734 794 824 Areopago,
832 755 895 800 nec
920 757 1011 802 nunc
1037 733 1237 826 ademptum
1264 758 1350 825 csse,

206 876 209 900 ι
239 862 344 932 quum
370 837 552 931 ademptae
572 838 637 906 sint
661 838 802 906 aliarum
826 859 940 905 rerum
964 837 1146 906 multarum
1172 839 1350 931 cogruitio-

119 996 122 1000 -
240 968 310 1014 nes.
361 941 454 1014 Nam
472 941 556 1011 illud
579 940 718 1031 quidem
737 948 893 1033 apertum
919 950 987 1029 est,
1013 963 1081 1035 nou
1104 942 1255 1033 potuisse
1273 943 1352 1034 Ly·

241 1049 325 1118 siam
345 1046 430 1115 iliud
452 1044 511 1119 ιιαὶ
540 1040 602 1139 ἐφ’
629 1041 732 1137 ὁμοῖν
758 1039 981 1118 ἀποδέδοται
1002 1044 1160 1136 adiicere,
1186 1046 1251 1114 nisi
1270 1045 1350 1114 ido-

240 1173 339 1221 neam
361 1171 513 1218 caussam
531 1147 691 1216 haberet:
716 1147 906 1216 referuntur
932 1148 1021 1217 enim
1041 1147 1129 1216 haec
1146 1150 1253 1218 verba
1273 1172 1351 1218 ma-

239 1254 361 1324 nifesto
384 1253 429 1321 ad
451 1251 695 1321 dubitationem
715 1251 863 1339 aliquam
887 1251 932 1319 de
948 1253 1146 1321 auctoritate
1160 1253 1350 1345 Areopagi.

240 1360 354 1445 Quam
385 1365 424 1425 nt
451 1356 517 1424 hac
551 1354 626 1447 ipsa
656 1356 690 1422 in
724 1376 856 1445 caussa,
897 1378 1001 1446 quam
1037 1354 1206 1444 defendit,
1241 1356 1332 1424 maxi

239 1483 332 1530 mam
357 1483 433 1528 esse
459 1458 630 1547 ostendat,
666 1458 839 1526 nonsatis
865 1458 970 1528 habet
1001 1451 1149 1552 patrium
1172 1459 1210 1528 id
1237 1463 1353 1529 Areo-

238 1586 334 1658 pago
356 1562 517 1632 iudicium
543 1561 668 1648 dicere,
694 1561 756 1630 sed
783 1561 878 1630 addit
893 1563 1004 1649 etiam,
1030 1563 1190 1631 mansisse
1213 1562 1247 1631 ei
1265 1586 1352 1655 pro-

239 1669 364 1761 prium,
391 1665 543 1757 quamvis
570 1664 641 1733 aliis
666 1665 701 1732 in
720 1668 822 1734 rebus
848 1666 959 1734 attrita
985 1667 1033 1735 sit
1050 1673 1153 1755 atque
1177 1665 1352 1735 imminuta

242 1773 312 1840 eins
344 1778 505 1862 potestas.
558 1768 599 1837 ld
627 1768 655 1836 si
688 1769 755 1836 loci
784 1769 869 1838 illius
899 1771 987 1839 ratio
1018 1770 1167 1839 ornatius
1194 1768 1262 1838 dici
1285 1793 1353 1863 pa-

240 1882 384 1963 teretur,
413 1873 535 1942 iisdem
558 1879 695 1964 poterat
718 1873 831 1942 verbis
855 1871 921 1959 nti,
957 1872 1078 1963 quibus
1098 1882 1150 1942 est
1172 1896 1252 1942 usus
1278 1873 1353 1942 De-

241 1975 445 2049 mosthenes.
489 1975 562 2044 Sed
587 1999 630 2044 ne
656 1976 731 2065 quis
755 1974 851 2044 nobis
877 1985 1040 2069 opponat,
1066 1973 1128 2071 ἐφ’
1154 1973 1257 2070 ὁμοῖν
1282 1999 1354 2045 nou

242 2105 317 2150 esse
342 2101 460 2168 ncnc,
499 2079 561 2148 sed
594 2087 724 2149 vestro
754 2081 950 2170 memoria,
985 2103 1050 2148 uec
1071 2073 1180 2148 minus
1205 2079 1353 2149 absurde

242 2183 309 2252 dici
329 2179 392 2278 ἐφ’
419 2179 521 2274 α’μοιν
549 2177 772 2273 ἀποδέδοται
779 2236 793 2271 ,
832 2206 936 2272 quam
962 2183 991 2252 si
1016 2183 1090 2274 quis
1115 2183 1236 2253 Latine
1262 2182 1353 2252 dicat

241 2294 374 2367 οειιια
395 2283 576 2352 memoria
602 2284 793 2376 competit:
818 2287 936 2378 paucis
959 2308 1146 2357 momcmus
1167 2286 1204 2356 id
1229 2287 1353 2357 falsum

242 2413 325 2459 esse.
359 2389 452 2457 Nam
471 2407 512 2456 ea
530 2386 691 2478 loquendi
709 2387 819 2456 forma
834 2391 1019 2481 praesentis
1034 2391 1194 2483 temporis
1214 2413 1353 2460 omnem

240 2501 497 2587 permanentem
523 2501 647 2561 statum
667 2500 771 2579 notat,
801 2516 865 2561 nec
891 2501 1021 2562 tantum
1046 2494 1092 2562 ad
1118 2516 1170 2585 ea,
1202 2495 1354 2584 quaein

242 2618 285 2667 eo
311 2597 421 2689 spatio
445 2595 514 2664 iam
544 2595 809 2687 praeterierunt,
844 2596 1029 2667 sedetiam
1062 2596 1108 2664 ad
1132 2620 1222 2665 nunc
1246 2613 1352 2690 prae-

244 2702 351 2770 sentia
379 2709 482 2788 atque
516 2698 604 2767 adeo
636 2697 682 2765 ad
713 2698 825 2766 futura
850 2701 1003 2769 refertur.
1055 2702 1178 2790 Neque
1208 2700 1245 2769 id
1277 2702 1353 2770 cui-

241 2827 345 2895 qnam
370 2803 527 2893 ignotum
552 2803 627 2870 'esse
652 2800 766 2870 credo.
800 2800 884 2872 ldeo
910 2828 954 2874 ne
979 2802 1255 2873 dissimulandum
1279 2806 1352 2895 qui·

242 2907 323 2976 dem
350 2913 417 2992 est,
459 2904 519 2972 ubi
543 2926 611 2973 non
638 2927 657 2973 e
685 2927 724 2973 re
748 2914 807 2973 tua
832 2906 884 2980 sit.
935 2907 1130 3000 Xenophon
1158 2908 1204 2976 de
1229 2910 1350 3001 vectig.

242 3007 287 3095 6,
316 3008 348 3080 l.
384 3007 457 3089 ποις
485 3005 550 3081 οὐν
584 3005 686 3091 ἄξιον
713 3035 758 3090 oc
783 3005 940 3098 ια’χιστα
967 3004 1115 3091 τούτοις
1140 3015 1351 3107 ἐπιχειρεῖν,

242 3120 305 3188 ἴνα
331 3113 388 3187 ἔτι
415 3108 478 3205 ἐφ
499 3109 602 3209 ἡμῶν
623 3109 802 3202 ἑιιίδωμεν
827 3105 895 3208 τήν
917 3107 1023 3186 πόλιν
1039 3141 1111 3206 μιν
1119 3109 1352 3208 ’ἀσφαλείας

243 3213 549 3307 εὐδαιμονοῦσαν
600 3214 882 3284 Demosthenes
872 3240 906 3285 ιιι
931 3218 1008 3310 ipso
1032 3217 1101 3284 fine
1124 3217 1281 3286 orationis
1307 3216 1352 3284 ad

243 3418 335 3518 παρ’
361 3416 464 3512 ὑμεῖν
490 3416 686 3512 τεύξομαι,
729 3417 838 3493 τοῦτ
874 3421 952 3496 εστὶ
983 3417 1225 3513 δεινότατον,
1270 3418 1350 3496 ἀλλ’

244 3527 280 3597 ci
302 3523 455 3621 πρᾶγμα
490 3519 686 3596 δίκαιον
658 3524 861 3618 ωρισμένον
889 3529 926 3599 εἰι
960 3550 1097 3609 παντοι
1121 3525 1192 3600 τοῦ
1217 3520 1358 3624 χρόνοι

243 3654 323 3702 νυνι
314 3616 618 3701 ιιαταλιισιτι’
600 3653 646 3720 ιφ
688 3622 801 3724 ημιιι
