2842 4920
166 343 257 437 ,²⁸⁰
318 339 376 400 DE
397 336 636 399 AESCHYLI
657 335 949 400 PROMETHEO
971 335 1163 397 SOLVTO

47 555 51 561 ·
187 538 387 622 postquam
407 528 604 597 Herculem
620 528 695 597 telo
717 524 937 620 deficerent,
958 527 1193 596 multitudine
1207 526 1295 596 bar-

194 632 370 701 barorum
379 641 414 701 et
424 631 548 724 inopia
565 653 756 701 armorum
768 628 952 722 defessum
960 651 1000 697 se
1014 631 1296 723 ingenicnlosse,

193 736 317 806 multis
331 736 406 804 iam
418 732 623 804 vulneribus
639 731 819 827 acceptis:
835 733 958 801 Iovem
971 743 1093 803 nutem
1108 736 1296 806 misertum

181 838 279 936 filii.
307 861 460 909 curasse
480 848 521 908 ut
546 839 749 907 circaeam
769 859 914 929 magna
933 837 1101 928 lapidum
1117 840 1223 931 copia
1238 861 1295 907 es-

194 952 268 1012 set:
296 941 422 1035 quibus
437 966 477 1011 se
500 941 698 1010 Herculem
716 939 926 1033 defendisse
939 948 974 1008 el
987 940 1108 1010 hostes
1116 940 1294 1035 fugasse.

196 1047 329 1137 Itaque
338 1046 460 1115 Iovem
470 1044 740 1115 similitudinem
743 1043 950 1137 pugnantis
959 1043 1054 1113 inter
1064 1045 1193 1113 sideru
1208 1068 1295 1114 con-

196 1148 364 1219 stituisse.
417 1148 538 1241 Attigit
561 1170 629 1216 non
653 1149 823 1216 nominato
849 1157 987 1215 auctore
1015 1146 1116 1215 Theo
1136 1148 1180 1216 ad
1201 1148 1296 1217 Arati

193 1253 322 1323 Phaen.
338 1276 368 1322 v.
382 1248 444 1324 λδ.
473 1247 580 1330 οὗτος
595 1252 636 1324 δέ
655 1255 731 1325 ἐστι
745 1243 840 1321 nortl
857 1247 994 1329 τιναςό
1013 1247 1207 1345 Ἡρακλῆς
1231 1247 1296 1324 ud-

195 1349 261 1428 πόν
278 1349 347 1448 yolo
362 1347 429 1426 τόν
449 1351 637 1445 Ἠρακλέα
662 1358 738 1433 τοῖς
758 1351 892 1444 Λίγοσι
910 1353 1155 1444 πολεμοῦντα,
1177 1359 1293 1426 ἐπιλι-

195 1452 338 1530 πόντων
361 1452 462 1550 αὐτώ
483 1456 556 1528 τών
583 1449 831 1547 τοξευμάτων,
847 1453 904 1527 ἐπὶ
921 1448 1008 1546 γόνυ
1025 1462 1145 1528 πεσεῖν
1160 1455 1219 1527 rol
1239 1456 1296 1527 ll-

194 1570 278 1639 δοις
291 1552 453 1652 βάλλειν,
469 1557 531 1638 οὓς
547 1555 649 1652 αὐτῷ
662 1551 854 1637 δοινΖοώς.
872 1557 1062 1648 Disputavit
1078 1557 1122 1626 de
1137 1559 1297 1649 Aeschyli

195 1662 344 1730 versibus
359 1663 486 1753 primus
499 1660 543 1729 H.
560 1660 752 1752 Stephanus
763 1660 808 1726 ad
818 1661 1024 1751 Aeschylum
1039 1686 1076 1754 p.
1094 1659 1182 1734 357.
1200 1662 1297 1729 dein·

195 1765 240 1833 de
260 1763 300 1836 P.
321 1763 522 1858 Leopardus
547 1762 692 1832 Emend.
717 1765 756 1831 V.
778 1762 837 1830 l‘l.
861 1765 895 1829 in
919 1763 1054 1831 Gruteri
1074 1762 1166 1831 Face
1186 1765 1299 1831 critica

195 1869 260 1936 vol.
284 1868 343 1938 lll.
365 1892 400 1961 p.
419 1866 504 1938 100.
524 1875 557 1934 et
577 1868 757 1935 Sahuasius
775 1865 896 1933 Exerc.
918 1867 1002 1934 Plin.
1018 1891 1054 1958 p.
1073 1865 1133 1937 42.
1149 1866 1195 1933 Et
1211 1891 1243 1934 v.
1262 1867 1296 1938 Ί.

195 1970 333 2062 quidem
356 1969 574 2039 Casaubonus
598 1961 784 2064 ιῖπιρσχών
800 1970 1015 2060 corrigebat,
1041 1970 1095 2037 cui
1119 1971 1193 2038 iure
1216 1992 1299 2037 con-

195 2075 329 2143 tradixit
346 2074 538 2143 Salmasius.
589 2066 782 2165 Γογγύλον
794 2073 867 2163 ipse
885 2073 964 2139 dedi
978 2096 1043 2165 pro
1061 2066 1297 2168 στρογγύλων.

196 2175 238 2246 ln
257 2176 359 2261 idem,
385 2174 446 2243 sed
463 2176 594 2257 timens,
619 2174 733 2240 incidit
752 2173 1020 2244 Scholefieldius.
1045 2170 1047 2175 ’
1075 2176 1117 2244 V.
1140 2174 1174 2244 8.
1202 2177 1298 2266 lege-

195 2281 296 2347 batur
308 2277 399 2371 apud
410 2277 613 2345 Strabonem
626 2275 679 2355 οἷς
690 2277 815 2348 ἔπειτα
829 2272 1022 2369 συμβαλών
1033 2272 1187 2375 δῃώσεις.
1203 2279 1296 2347 Leo-

195 2381 322 2474 pardus
344 2390 378 2449 et
400 2380 598 2466 Salmasius,
624 2376 678 2458 οἶς
702 2379 826 2451 ἔπειτα
848 2373 892 2452 ου’
913 2374 1035 2473 βαλών
1058 2374 1199 2463 διώξεις.
1227 2381 1298 2448 Ve-

195 2509 268 2553 ram
284 2484 484 2576 scripturam
499 2476 637 2562 dto'ouc
651 2481 824 2549 Scidlerus
838 2482 882 2550 de
896 2506 999 2554 verss.
1015 2482 1152 2551 dochm.
1164 2507 1200 2574 p.
1214 2482 1297 2551 102.

196 2590 254 2657 ubi
270 2610 334 2680 per
350 2610 499 2656 errorem
518 2579 648 2665 διώσας
665 2586 836 2676 scriptum,
860 2595 894 2653 et
909 2595 985 2654 ante
1003 2610 1080 2654 eum
1096 2586 1297 2672 Erfurdtius,

197 2691 319 2760 eodem
339 2712 407 2781 quo
428 2690 485 2756 ille
503 2687 674 2779 Euripidis
698 2689 775 2755 loco
795 2690 829 2754 in
851 2689 986 2759 Heracl.
1012 2686 1099 2757 995.
1120 2712 1218 2779 usus,
1245 2690 1293 2755 in-

166 2831 169 2836 -
197 2803 373 2862 venerunt:
387 2791 449 2860 sed
455 2792 644 2859 msdtoante
657 2799 837 2879 utrumque
851 2791 942 2859 idem
952 2791 1081 2860 viderat
1089 2791 1298 2886 Leopardus

92 2976 95 2983 Ι
298 2896 494 2962 Edoctusne
519 2894 615 2961 sitin
637 2892 798 2984 Aeschyli
818 2894 933 2961 fabula
945 2919 966 2962 a
986 2896 1192 2964 Prometheo
1206 2896 1299 2964 Her-

200 2999 309 3084 cules,
345 2997 518 3089 quomodo
546 2997 686 3065 Atlantis
717 3019 786 3090 ope
810 2999 918 3066 aureis
939 2999 1050 3090 pomis
1070 2999 1300 3090 Hesperidum

148 3115 198 3184 28
205 3103 382 3193 potiretur,
410 3100 454 3168 de
477 3123 544 3190 qua
563 3123 601 3168 re
624 3099 785 3191 scriptum
808 3110 857 3168 est
875 3101 969 3192 apud
992 3102 1241 3194 Apollodorum
1257 3103 1299 3170 ll.

200 3205 236 3290 5,
255 3203 312 3272 ll.
328 3200 362 3298 ᾗ.
378 3202 437 3270 13.
455 3213 488 3271 et
506 3203 718 3271 scholiastam
732 3204 904 3294 Apollonii
915 3204 1044 3272 Rhodii
1057 3204 1101 3272 ad
1115 3206 1173 3273 lv.
1189 3204 1298 3273 1396.

197 3308 301 3374 hodic
322 3308 524 3398 ignoramus.
576 3306 658 3373 Veri
681 3315 793 3373 tamen
811 3308 916 3375 simile
941 3316 1007 3392 est,
1033 3308 1102 3376 istis
1123 3309 1156 3375 in
1176 3310 1298 3377 itineri-

199 3411 261 3476 bus
286 3409 512 3477 describendis
530 3407 701 3476 fabulosos
723 3408 797 3476 illos
819 3405 1082 3504 κυνοκεφάλους
1099 3421 1133 3479 et
1151 3437 1298 3505 στερνο-

200 3506 393 3605 φδώλμοος
417 3520 695 3578 commemoratos
721 3534 811 3597 esse,
837 3535 922 3603 quos
945 3513 1068 3580 Strabo
1092 3514 1118 3580 1.
1134 3538 1169 3605 p.
1184 3514 1245 3585 43.
1267 3522 1300 3581 et

199 3615 272 3682 vll.
293 3639 329 3706 p.
352 3613 436 3682 200.
466 3614 680 3704 Apollodoro
703 3623 839 3682 auctore
862 3618 906 3682 ab
922 3616 1095 3707 Aeschylo
1116 3617 1224 3686 dictos
1248 3618 1300 3686 ait.

199 3717 301 3787 Certe
324 3740 409 3807 quos
432 3719 610 3806 utrubique
638 3719 750 3785 tertios
774 3717 868 3785 addit
900 3713 1185 3812 μονομμώτοος,
1222 3721 1300 3789 Ari-

199 3823 307 3912 maspi
329 3830 420 3906 sunt,
447 3820 491 3888 de
518 3821 639 3910 quibus
660 3822 695 3886 in
720 3820 840 3888 vincto
863 3821 1068 3890 Prometheo
1092 3831 1151 3890 est.
1204 3824 1301 3908 Quos

199 3924 252 3990 his
270 3925 350 3990 ahos
376 3925 447 3990 aliis
466 3923 732 3992 deformitatibus
748 3923 894 4016 insignes
913 3926 1061 4016 populos
1073 3927 1219 3994 Tzetzes
1238 3925 1301 3993 ad-

200 4027 267 4093 iicit
283 4025 370 4094 Chil
385 4026 461 4099 Vll.
479 4025 555 4095 76ss
566 4067 609 4078 -
624 4025 710 4097 768.
728 4049 793 4094 non
813 4027 967 4095 videntur
981 4051 1022 4096 ex
1039 4028 1211 4118 Aeschylo
1228 4052 1301 4098 esse

44 4170 50 4183 =
152 4173 158 4199 l
201 4129 342 4197 collecti.

304 4229 460 4317 Aquilam
486 4216 744 4322 interempturus
765 4230 930 4299 Hercules
949 4233 1142 4323 Apollinem
1161 4235 1301 4310 invoca-

201 4338 270 4403 bat.
324 4333 522 4402 Plutarchus
543 4336 576 4402 in
600 4334 774 4402 Amatorio
792 4359 829 4426 p.
855 4330 940 4405 757.
960 4335 1002 4403 D.
1019 4337 1060 4404 Ε.
1088 4334 1110 4409 o‘
1129 4335 1301 4434 δὲἩρα-
