2842 4920
156 349 200 433 ds
515 343 571 404 DE
593 343 858 405 Panticvnt
880 339 927 408 dv

32 600 37 611 x
156 534 327 629 tiphnnp.
345 528 432 606 688.
460 531 538 621 (.41
460 528 595 627 (5
615 533 651 607 2
669 534 809 657 Bekk.)
835 527 902 607 τιίν
926 560 997 631 γαρ
1016 541 1083 628 αρ
1084 560 1178 607 αντα
1202 534 1267 629 τῆς

158 637 308 734 πληγῆς,
335 637 365 706 εἱ
388 636 458 729 μὲν
481 635 613 732 λίθῳῆ
637 631 726 731 ξύλῳ
734 632 942 763 ἠμυνάμην
960 630 1093 721 αὐτόν,
1119 632 1266 763 η’δίηουν

157 742 225 834 μίν
239 735 322 811 οὐδ’
331 736 457 819 οὕτως·
485 735 530 812 οὐ
541 727 760 861 γυίρταηίτοί,
772 733 864 814 υίλλα
878 738 1027 832 μείζονα
1043 766 1103 810 και
1096 736 1267 811 πλείονα

159 840 292 916 δίναισι
309 847 346 913 οἱ
358 840 530 937 ἄρχοντες
548 835 785 932 ἀντιπάσχειν
800 841 901 914 εἰσίν.
958 840 1012 910 Ne
1034 842 1088 910 sic
1108 842 1266 934 quidem,

35 966 37 971 ·
158 946 190 1016 ai
201 968 281 1015 enm
295 966 388 1014 ευασ
405 952 471 1013 ant
486 944 589 1036 tigno
600 945 885 1038 μονσαεεὶσεοιπ,
911 944 1082 1015 iniustum
1100 943 1267 1037 qnidsn-
1269 1012 1271 1015 ,

159 1047 306 1120 aiebam.
358 1049 437 1115 Non
457 1056 570 1139 potest
598 1048 685 1115 enim
709 1049 839 1169 opponi
861 1042 941 1122 σίλλ
964 1044 1119 1169 ἠδίκουν.
1169 1048 1268 1115 Idem

157 1149 336 1244 9634
364 1145 494 1243 (18.5
512 1149 547 1218 9.
565 1149 750 1242 Bekkff)
723 1178 768 1230 ως
784 1152 822 1223 δε
843 1145 987 1222 συδε
940 1178 1007 1223 τον
1022 1149 1187 1224 νινδονον
1200 1176 1267 1222 ουν

158 1252 428 1373 ἀσφαλέστερον
443 1252 513 1324 τοῦ
528 1247 602 1324 nino*
613 1253 676 1347 τῆς
692 1254 831 1347 γραφῆς
845 1246 1007 1375 ηγοιίμην
1031 1249 1123 1325 εἶναι
1132 1307 1146 1341 ,
1174 1247 1268 1326 σίλλοί

157 1347 451 1442 πολλαπλάσιον,
480 1356 515 1426 εἰ
532 1381 583 1449 μη
606 1348 885 1477 παρεφρόνουν,
912 1350 1052 1438 διδάξω
1104 1357 1267 1447 Repetita

158 1469 209 1528 est
228 1459 381 1550 negatio,
407 1457 487 1545 qnia
504 1457 653 1546 seqnitur
670 1452 771 1531 οίλλιί.
821 1455 923 1527 Ad
901 1452 1082 1556 ηγούμην,
1109 1481 1173 1549 pro
1197 1480 1266 1548 quo

156 1563 258 1631 etiam
280 1563 430 1652 ἔμελλον
445 1557 616 1654 ηγεισθαι
634 1561 746 1628 dicere
764 1571 937 1653 potuerat,
964 1585 1031 1629 non
1052 1559 1233 1629 addidit
1207 1588 1266 1651 αν,

157 1666 237 1756 qnia
259 1684 327 1732 non
344 1671 457 1754 potest
473 1664 602 1754 opponi
617 1659 697 1737 αλλ’
719 1659 786 1754 οὐχ
811 1658 981 1762 ἡγούμην.
1035 1664 1150 1749 Quum
1177 1665 1267 1732 enim

157 1777 259 1861 neget
274 1759 311 1835 se
325 1764 466 1834 eaedem
479 1766 614 1852 fecisse,
640 1789 709 1833 ιιοιι
725 1769 835 1856 potnit
853 1767 987 1834 omnino
1006 1768 1179 1857 praeferre
1200 1790 1266 1859 pe-

155 1871 316 1950 ricnlum,
342 1867 435 1956 qnod
457 1866 645 1935 occidendo
663 1869 796 1936 inimico
819 1869 1030 1938 subeundum
1051 1880 1139 1959 erat,
1166 1872 1200 1938 in
1215 1871 1267 1938 ius

30 2051 32 2060 ,
156 1972 340 2056 vocationi,
365 1971 468 2038 immo
493 1993 536 2038 ne
560 1971 719 2062 cogitavit
740 1970 877 2061 quidem
904 1973 948 2040 de
970 1995 1011 2040 ea
1024 1992 1073 2040 re.
1128 1971 1267 2064 Operae

155 2077 303 2169 pretium
331 2083 399 2158 est,
433 2073 490 2140 hic
523 2073 735 2141 considerare
768 2074 919 2142 eiusdem
953 2076 1122 2164 scriptoris
1153 2076 1268 2144 locum

156 2203 191 2271 p.
209 2175 294 2247 718.
323 2172 402 2263 (5Ί.
323 2169 454 2268 (5
474 2172 553 2265 28)
581 2171 666 2298 ρι’λλ
685 2203 729 2255 ως
743 2170 1005 2270 κατεποντωθη
1022 2178 1199 2268 λεγουσιν
1228 2183 1267 2252 εἰι

156 2278 230 2354 τίνι
250 2275 386 2371 πλοίῳς
412 2276 520 2371 δῆλον
542 2304 612 2395 γαρ
633 2275 693 2349 ὅτι
715 2283 751 2360 ἐξ
774 2273 891 2351 αὐτοῦ
905 2305 972 2350 του
958 2275 1182 2370 λιμένος
1159 2307 1202 2398 ηη
1220 2306 1264 2352 τυ

156 2386 293 2456 πλοῖον.
320 2405 392 2459 πως
409 2377 454 2450 ἂν
473 2375 538 2451 οιίν
553 2375 618 2452 ουίι
640 2382 656 2453 ε’
659 2383 827 2477 ξευρέθη;
853 2382 962 2449 Recte
984 2381 1093 2448 omisit
1113 2381 1266 2473 particu-

155 2486 252 2554 lam
243 2508 276 2552 ιιι
291 2482 355 2570 his,
383 2475 621 2577 δῆλονγαρ’
598 2510 657 2556 οτι
689 2488 724 2565 ἐξ
745 2479 863 2557 αὐτοῦ
887 2484 958 2557 τοῦ
981 2480 1168 2576 λιμένος
1144 2511 1187 2578 ην
1220 2478 1268 2558 ad

155 2592 294 2661 πλοῖον.
345 2586 477 2653 Nam
452 2609 480 2653 si
495 2583 700 2676 posuisset
675 2614 739 2675 αν,
767 2587 907 2655 deberet
923 2588 1051 2678 opponi
1072 2610 1196 2677 posse,
1224 2596 1267 2657 at

41 2676 46 2689 ⁹
155 2689 309 2782 nonfuit
325 2712 371 2757 ex
384 2689 464 2780 ipen
481 2687 544 2756 illo
558 2698 683 2781 portu.
737 2688 779 2756 ld
797 2690 891 2779 quod
913 2712 981 2757 nnn
995 2698 1110 2780 potest
1124 2691 1264 2783 opponi

156 2793 271 2878 Quare
281 2794 318 2860 >in
336 2791 527 2858 huiusmodi
543 2791 625 2859 locis
642 2801 735 2858 recte
756 2792 803 2860 sic
819 2801 929 2860 vertas
943 2794 1084 2862 verbnm
1099 2795 1168 2861 sine
1183 2817 1266 2885 par-

154 2897 273 2964 ticula:
300 2893 424 2963 debuit
441 2916 520 2969 esee
534 2917 579 2962 ex
593 2894 658 2963 illo
675 2904 797 2986 partu.
849 2896 921 2965 Sed
938 2896 1031 2984 qnod
1047 2898 1157 2964 statim
1172 2897 1266 2965 addit

156 3022 232 3066 cum
247 2997 429 3091 particula,
457 2996 581 3066 licebat
604 2999 704 3066 etiam
725 2999 794 3066 sine
814 3000 979 3089 particula
999 2999 1080 3068 dici:
1108 3000 1180 3081 πῶς
1199 2995 1265 3072 οὖν

121 3176 131 3207 ι
156 3098 430 3198 οὐν-ἐξευρέθη·
457 3100 521 3168 alio
540 3104 654 3169 tamen
668 3125 776 3172 sensu.
829 3102 1043 3193 Significaret
1066 3103 1173 3189 enim,
1198 3124 1266 3170 ουν

153 3226 225 3273 που
246 3215 302 3274 est
319 3199 512 3274 inventus?
537 3204 664 3272 Addita
677 3213 789 3272 antem
803 3206 967 3294 particula
989 3205 1088 3291 dicit,
1117 3227 1264 3296 quomo-

154 3308 206 3375 do
222 3330 295 3375 που
316 3317 411 3376 esset
425 3303 617 3374 inventus?
643 3306 745 3374 Vides
766 3315 858 3374 recte
881 3308 1026 3398 opponi,
1055 3318 1097 3376 at
1116 3332 1189 3377 non
1209 3318 1265 3378 eet

154 3410 327 3478 inventae.
379 3411 468 3476 Nam
483 3408 701 3501 interrogatio
716 3411 784 3476 vim
805 3408 910 3477 habet
929 3411 1131 3503 negationis,
1157 3422 1211 3500 ut,
1238 3412 1266 3480 si

154 3513 230 3581 sine
238 3511 500 3604 interrogatione
519 3512 682 3603 proferas,
706 3510 887 3580 dicendum
906 3514 963 3597 sit,
989 3537 1061 3581 που
1085 3524 1180 3585 esset
1193 3539 1265 3583 πσπ

154 3615 326 3686 inventia.
377 3615 455 3682 Alia
474 3615 559 3683 ratio
584 3624 635 3683 est
659 3613 758 3682 huius
780 3616 846 3683 loci
869 3639 926 3707 ap.
948 3617 1213 3686 Demosthenem
1229 3619 1264 3686 in

154 3718 240 3790 Mid
265 3743 302 3811 p
323 3713 409 3804 569,
438 3715 545 3786 27*
523 3740 581 3789 οτι
609 3717 733 3788 τοίνυν
756 3716 817 3789 καί
838 3712 1056 3845 usndpenvac
1082 3716 1265 3840 γρίριν,ω

154 3819 280 3916 ἄνδρες
294 3819 512 3918 Ἀθηναῖοι,
540 3847 613 3913 παρ
651 3847 772 3907 υμων,
802 3846 845 3893 ου
863 3814 980 3912 μόνον
1004 3850 1052 3894 ιον
1072 3817 1183 3903 ου’τός
1204 3830 1265 3896 λε-

152 3918 383 4048 λειτούργηκε
398 3924 631 4052 λειτουργιῶν
651 3917 772 4008 α’ξιαν,
780 3916 992 4052 (μιηρα
944 3951 1013 4015 γαρ
1033 3921 1127 4021 αὕτη
1152 3927 1196 4016 γε’
1209 3951 1265 4006 τις

19 4038 20 4042 ’
146 4020 213 4119 ην)
240 4020 332 4097 οίλλα
346 4025 405 4097 ναί
424 4054 496 4097 των
510 4025 702 4118 μεγίστων,
728 4026 787 4097 ιιαί
808 4052 918 4098 τουτο
937 4024 1123 4119 βούλομαι
1141 4030 1263 4109 δειξαι.

150 4127 348 4196 Reiskius
323 4154 369 4198 αν
381 4137 460 4220 past
472 4156 547 4215 τις
575 4128 846 4220 Spaldinginsp.
865 4127 927 4196 87.
954 4129 1050 4220 (93.)
1077 4139 1155 4199 ante
1171 4128 1264 4227 αὕτη

150 4231 363 4299 inserendum
385 4232 535 4323 putabat.
586 4231 660 4298 Erit
691 4254 772 4300 sane
794 4231 977 4323 addenda,
1013 4235 1040 4300 si
1068 4235 1265 4325 oppositum

152 4357 224 4403 esse
239 4336 412 4416 volumus,
437 4343 479 4404 nt
494 4334 638 4428 accepit
657 4333 752 4404 insto
766 4333 944 4403 maiorem
967 4337 1151 4428 gratiam.
1184 4339 1264 4406 Non
