2842 4920
142 352 206 415 ²12
502 347 873 411 EMENDATIONES

142 541 243 611 hrum
258 538 333 607 ΧΗ.
351 540 462 608 verbis
478 539 540 607 illis
564 537 609 619 cic
631 537 760 631 ὅμέν,
787 549 822 608 et
842 539 922 608 alias
941 538 1141 633 rhapsodias
1156 543 1252 612 simi-

143 644 218 713 liter
238 642 380 733 incepit,
406 642 594 734 intelligere
619 641 737 710 debuit
755 640 940 730 Coluthus‚
965 644 1094 712 factum
1117 645 1155 714 id
1175 671 1252 716 esse

90 774 94 794 ·
143 747 208 834 εἰσ,
236 754 272 813 nt
292 768 494 839 praegressa
513 745 769 835 respicerentur.
823 743 954 814 Censor
973 748 1252 843 Heidelbergen-

142 851 186 919 sis
200 873 233 942 p.
254 844 342 922 5⁰9.
358 848 625 942 comparandum
641 848 744 917 fuisse
759 849 805 916 ait
817 849 1038 918 Homericum
1054 849 1122 920 Od.
1138 853 1165 919 Ι.
1188 853 1250 926 ll.

246 1015 328 1093 ἕνθ’
341 1016 446 1092 ἄλλοι
460 1019 528 1111 μὲν
545 1012 695 1108 πάντες,
720 1015 801 1092 ὅσοι
820 1012 936 1115 φύγον
951 1013 1065 1094 αἰπύν
1078 1018 1251 1121 ὄλεθροι,

244 1148 339 1195 orror
356 1126 442 1195 ε’σαν
450 1175 464 1210 ,

141 1295 273 1384 aliaque
294 1293 329 1360 in
354 1291 481 1359 medias
508 1315 562 1360 res
583 1292 748 1385 rapientia
769 1293 915 1360 exordia.
969 1291 1102 1363 Horum
1125 1295 1250 1365 vellem

143 1397 317 1488 exempla,
342 1417 435 1484 quae
455 1394 572 1464 similia
595 1404 721 1481 essent,
748 1394 904 1469 dedisset.
957 1397 1048 1464 Nam
1071 1397 1115 1464 de
1134 1397 1194 1465 illo
1216 1400 1252 1467 in

143 1499 300 1591 Odyssea
317 1499 377 1567 etsi
396 1498 601 1583 Nitzschius‚
628 1520 797 1589 quemque
814 1499 842 1567 is
858 1498 984 1586 laudat,
1012 1499 1106 1573 Guil.
1130 1499 1250 1569 Muel-

140 1604 230 1672 lerus
243 1602 366 1670 rectius
383 1623 486 1690 quam
499 1601 553 1669 alii
569 1602 768 1688 iudicarunt,
786 1610 900 1670 tamen
912 1604 1132 1692 reliquerunt,
1154 1604 1251 1692 quod

141 1706 286 1774 maxime
302 1702 498 1772 addendum
512 1714 603 1791 erat,
629 1706 749 1773 referri
769 1705 861 1778 ἔνθα
879 1706 924 1774 ad
945 1708 1051 1774 verba
1070 1729 1102 1774 v.
1128 1706 1163 1774 2.
1178 1731 1249 1799 po·

141 1810 222 1897 sita,
249 1808 327 1882 ἑπεί
352 1805 480 1904 Τροίης
503 1802 602 1902 ἱερόυ
624 1806 846 1901 πτολίεθρον
866 1810 1036 1904 ἔπερσεν,
1064 1809 1179 1898 itaque
1193 1811 1249 1878 in-

140 1912 253 1981 dicato
275 1913 342 1978 iam
369 1918 525 2000 tempore
553 1920 645 1978 recte
674 1909 800 1977 dictum
832 1934 915 1979 esse.
969 1911 1153 1995 coluthus,
1186 1913 1250 1983 nisi

139 2015 254 2101 fallor,
281 2013 460 2106 scripserat
477 2018 573 2085 τοῖσι
590 2015 681 2106 μέν,
708 2022 745 2080 ut
766 2014 1032 2107 intelligerentur
1047 2038 1089 2083 ex
1112 2038 1150 2083 re
1172 2016 1251 2107 ipsa

139 2118 299 2186 convivae
309 2117 343 2183 in
360 2115 483 2205 nuptiis
499 2115 602 2183 Pelei.
628 2115 734 2183 Error
749 2116 891 2184 fortasse
907 2140 949 2185 ex
966 2140 1008 2184 eo
1024 2127 1131 2202 natus,
1153 2119 1251 2206 qnod

132 2221 177 2301 dn
200 2216 426 2306 antiquissimo
445 2216 563 2284 codice
580 2219 741 2308 scriptum
756 2227 829 2285 erat
851 2225 925 2291 οῖσι
939 2220 1007 2310 μίν
1014 2274 1028 2306 ,
1056 2223 1180 2297 omissa
1196 2222 1250 2291 lil-

141 2330 214 2390 tera
231 2319 364 2407 initiali,
390 2340 477 2409 quae
494 2320 578 2388 utin
594 2319 696 2413 ipsius
711 2321 907 2389 narrationis
932 2321 1070 2390 exordio
1093 2333 1174 2414 post
1193 2349 1250 2395 es·

141 2433 192 2495 set
205 2424 309 2492 rubro
323 2420 506 2515 pingenda.

243 2527 282 2595 ln
296 2525 545 2595 enumeratione
560 2524 720 2615 deorum,
744 2526 802 2615 qui
817 2526 949 2620 nuptias
969 2526 1126 2597 Thetidis
1142 2553 1248 2623 prae-

139 2632 244 2701 sentia
257 2654 316 2699 sua
331 2629 530 2713 ornaverint,
556 2629 725 2718 quaedam
739 2638 908 2722 corrupta,
935 2631 999 2697 alia
1013 2633 1146 2701 turbata
1159 2644 1245 2705 sunt.

139 2733 245 2820 Quod
259 2757 290 2801 v.
308 2732 368 2801 23.
387 2734 528 2825 legitur,

89 2893 139 2964 1⁰
242 2905 280 2976 ἑν
298 2901 337 2975 δὲ
350 2894 604 2993 μελισσὴεντσς
618 2896 873 2994 οἱπεσσυμίνων
887 2900 1079 2984 Ἑλικῶνος

242 2997 431 3079 Μουσείων
448 2996 654 3097 λιγύφωνον
673 3002 770 3098 σ’ίγων
786 2998 897 3102 χορόν
912 3001 1026 3102 ἦλθεν
1040 2999 1244 3095 Ἀπόλλων,

138 3179 319 3247 correctori
342 3176 505 3244 debetur:
532 3174 593 3243 sed
620 3175 664 3254 ia,
696 3183 734 3242 ut
758 3175 956 3266 oportebat,
993 3180 1243 3272 ἐπεσσομένων

137 3281 333 3372 scripserat,
359 3278 453 3368 quod
471 3285 522 3345 est
544 3278 578 3343 in
605 3277 682 3344 cod.
703 3277 807 3347 Goth.
859 3279 928 3346 Pro
952 3302 993 3346 ea
1011 3302 1097 3347 voce
1119 3283 1243 3373 genui-

137 3405 216 3450 nam
235 3384 435 3474 scripturam
457 3378 550 3447 dedit
568 3379 677 3446 codex
693 3377 781 3447 Mut.
803 3375 869 3451 ἀπ’
888 3373 1057 3472 εύύδμου.
1109 3384 1163 3450 Ea
1176 3385 1242 3452 mi-

136 3508 212 3554 rum
236 3493 370 3552 estnec
390 3482 573 3565 lulianum,
597 3482 656 3571 qui
669 3482 878 3550 Nicandrum
894 3484 999 3554 Τίνες.
1021 3482 1082 3557 ll.
1102 3487 1242 3578 eiusque

137 3587 340 3657 scholiasten
357 3585 513 3673 attulerit,
539 3607 601 3654 nec
618 3606 792 3653 censorem
814 3587 883 3654 eius
900 3585 1239 3681 Heidelbergensem,

136 3692 194 3782 qui
219 3690 468 3760 adnotationem
493 3687 610 3755 Iuliani
632 3689 837 3775 tractaverit,
863 3689 911 3757 uti
936 3690 1080 3762 scivisse.
1130 3693 1240 3762 Aliter

137 3794 294 3863 vidissent
309 3784 581 3886 Μελισσήεντος
602 3791 668 3858 loci
685 3790 719 3857 in
739 3791 904 3860 Helicone
925 3814 1048 3860 nornen
1064 3818 1139 3864 esse
1151 3820 1237 3888 pro-

135 3897 256 3988 prium.
308 3896 369 3964 His
385 3895 535 3964 versibus
552 3893 748 3964 subiiciendi
770 3904 846 3963 sunt
861 3919 892 3962 v.
913 3894 972 3963 39.
988 3895 1049 3966 40.

237 4064 414 4162 χρυσείοις
432 4062 467 4138 δ’
483 4063 660 4159 ἑκάτερθε
677 4059 939 4158 τινασσόμενος
955 4060 1178 4158 πλοκάμοισι

236 4161 370 4264 βότρυς
384 4160 620 4265 οίυερσειιύμης
634 4162 789 4265 Ζεφύρφ
806 4168 1036 4264 στυφελίζετο
1052 4169 1184 4270 χαίτης.

135 4340 205 4425 Qui
221 4361 291 4430 quo
304 4338 376 4408 iure
393 4337 597 4432 aplerisque
614 4338 660 4407 ad
678 4337 856 4408 Bacchum
878 4337 975 4407 relati
989 4338 1073 4428 sint,
1101 4363 1169 4411 non
1183 4342 1237 4410 in-
