2842 4920
199 297 283 413 ¹sss
345 341 495 418 scaren
519 340 668 402 assam
689 339 843 403 ornam
863 340 923 404 nr.
948 339 1191 402 rsscnrrvn.

222 538 261 606 ln
282 535 334 604 bis
358 525 654 629 ἀπριγδόπληκτα
674 539 709 599 et
726 523 984 628 πολυπλάνητα
1005 529 1221 600 scribendum
1241 555 1326 618 esse,

222 640 374 724 fuerunt,
400 636 458 724 qui
475 633 787 702 animadverterent.
839 634 886 703 Et
903 634 1062 727 profecto
1082 636 1138 703 vel
1153 659 1275 704 caecus
1290 635 1327 703 id

223 742 346 813 videat
396 737 468 808 Sed
484 738 534 824 iis,
557 760 645 827 qnae
667 735 885 830 praecedunt,
903 738 1116 808 nesciverunt
1129 739 1212 828 qnid
1231 739 1328 808 face-

223 854 307 915 rent.
358 842 549 927 Porsonus,
578 862 655 909 raro
678 841 736 909 ille
753 840 834 908 felix
853 841 887 909 in
905 839 1080 932 Aeschylo
1101 842 1328 926 emendando,

223 950 259 1017 in
274 945 482 1040 praefatione
504 941 548 1011 ad
568 944 747 1013 Hecubam
774 966 809 1035 p.
826 942 860 1010 8.
887 944 944 1013 vel
966 953 1184 1037 transpone,
1209 946 1328 1034 inquit,

220 1043 358 1143 'Esou'
378 1046 533 1143 ’Ἅρειοκ
559 1040 724 1139 conrado,
757 1046 815 1115 vel
840 1046 941 1140 lege,
980 1049 1079 1139 quod
1111 1050 1329 1118 sententiam

225 1152 354 1222 molins
369 1149 564 1237 connectit,
591 1143 735 1241 κομμίι
755 1145 790 1221 δ’
806 1146 1081 1244 ἔκοψ’”Αρειοκ.
1132 1153 1210 1219 Νοσ
1224 1152 1329 1220 dixis-

228 1255 378 1340 κοίλοιο,
404 1255 433 1321 si
448 1253 503 1319 vel
519 1251 759 1343 antistrophica
779 1274 870 1338 esse,
897 1260 931 1320 et
949 1252 1083 1345 singulis
1104 1255 1241 1344 syllabis
1263 1256 1329 1322 ob·

229 1356 355 1429 servari
369 1355 623 1446 responsionem
637 1355 784 1440 vidisset,
810 1356 866 1423 vel
879 1356 1063 1448 cogitasset
1077 1355 1121 1424 de
1139 1380 1238 1427 sensu
1251 1381 1330 1426 ver·

227 1464 360 1531 borum.
402 1458 493 1543 Quin
509 1467 602 1525 tanta
619 1458 681 1525 fuit
694 1458 845 1544 levitate,
872 1469 997 1548 quanta
1012 1460 1069 1547 qui
1082 1459 1165 1528 illud
1177 1458 1331 1556 Ἀρειον

228 1565 283 1634 vel
295 1564 443 1631 tulerunt
464 1561 520 1627 vel
535 1560 714 1629 emendare
733 1563 845 1629 conati
859 1571 935 1630 sunt
953 1584 1087 1649 omnes,
1112 1575 1151 1631 nt
1165 1587 1209 1632 ne
1225 1564 1331 1633 scho-

228 1668 359 1737 liastam
383 1662 521 1754 quidem
542 1664 740 1754 inspiceret,
781 1664 838 1753 qni
862 1686 966 1754 quum
993 1666 1134 1750 scribat,
1167 1663 1332 1760 Ἄρειοι,

232 1760 432 1863 Περσικόν,
468 1775 563 1859 patet
590 1767 634 1834 ab
657 1765 829 1858 Aeschylo
855 1768 1049 1858 profectum
1079 1792 1153 1837 esse
1175 1766 1333 1865 ’Ἀριοιε

223 1872 359 1960 dequo
373 1869 508 1937 nomine
521 1868 657 1937 videndi
672 1868 873 1961 interpretes
882 1869 1047 1960 Hesychii
1061 1871 1107 1938 ad
1124 1895 1156 1940 v.
1171 1865 1332 1966 'Apeioecz

231 1985 269 2044 ut
287 1972 344 2042 hic
366 1994 503 2062 quoque
518 1972 609 2041 rudis
633 1973 690 2040 illa
705 1973 967 2065 transpositionis
985 1996 1135 2065 panacea
1154 1975 1190 2043 in
1209 1975 1335 2043 malam

232 2100 305 2147 rem
325 2075 418 2144 abire
439 2076 603 2148 iubeatur.
662 2075 755 2144 Tum
777 2099 867 2165 vero,
881 2099 969 2166 quae
989 2075 1126 2146 tandem
1149 2084 1226 2147 sunt
1249 2079 1335 2149 istae

234 2180 360 2249 Cissiae
378 2178 592 2246 bellatrices?
626 2178 748 2268 Nullae
764 2178 898 2246 fuerunt
914 2203 1084 2269 umquam.
1135 2182 1226 2250 Nam
1241 2181 1337 2271 quod

232 2279 467 2350 Blomfieldius
484 2282 548 2364 ait,
572 2278 830 2374 πολιμιστρίας
845 2279 931 2349 libri
947 2282 1123 2371 universi,
1149 2285 1205 2352 vel
1220 2307 1336 2354 errore

234 2383 384 2477 scripsit,
415 2382 472 2450 vel
499 2405 626 2474 magna
655 2380 802 2470 quadam
834 2383 1049 2477 negligentia,
1111 2387 1144 2455 A
1172 2387 1336 2470 'Ibrncbo

233 2487 317 2557 illud
340 2507 382 2554 ex
398 2487 590 2554 coniectura
609 2485 738 2553 illatum
758 2495 822 2554 estz
848 2488 925 2556 libri
944 2498 979 2556 et
997 2488 1121 2582 scripti
1130 2497 1166 2558 et
1181 2490 1338 2582 impressi

235 2599 312 2660 ante
339 2589 554 2676 Tbmebum,
595 2589 653 2678 qui
689 2588 752 2656 soli
781 2589 815 2657 in
841 2592 1019 2681 postremis
1052 2593 1237 2685 tragoediis
1266 2617 1336 2687 ge-

235 2692 325 2763 nuini
351 2692 460 2761 fontes
488 2701 581 2778 sunt,
614 2691 759 2759 universi
786 2690 914 2761 habent
942 2687 1090 2786 κόμοισι
1117 2696 1336 2794 λεμιοτρίος.

235 2795 336 2865 Vnde
365 2794 448 2882 qnid
479 2803 593 2888 potest
620 2793 768 2886 apertius
800 2817 892 2882 esse,
929 2819 1032 2887 quam
1063 2799 1234 2891 scripsisse
1265 2801 1334 2870 Ae·

236 2899 408 2990 schylum:

391 3049 502 3142 ἕκοψο
527 3041 837 3138 κομμοιἈριοι,
863 3049 902 3122 ἔτι
928 3052 969 3124 ’τι
988 3052 1145 3133 Κισσίας

392 3144 520 3241 νόμοις
542 3147 788 3244 ἰηλεμιστρίας

393 3243 685 3347 ἀπριγδόπληκτα
711 3246 968 3376 πολυπλάνητα
993 3250 1031 3327 τ’
1049 3249 1095 3351 ἦν
1120 3257 1210 3328 its-5»

394 3352 731 3449 ἐπασσυτεροτριβῆ
755 3348 805 3426 rc?
830 3382 933 3451 χορος
954 3351 1152 3452 ὀρέγματα.
1171 3360 1175 3365 ’

176 3517 183 3529 ‘
239 3530 329 3598 Nam
354 3522 569 3594 brachiorum
586 3522 720 3593 iactatio
741 3525 859 3592 usitata
876 3524 986 3594 Cissiis
1007 3527 1164 3618 praeficis
1186 3527 1221 3595 in
1240 3529 1340 3620 plan-

240 3630 355 3725 gendo
382 3625 466 3697 illud
496 3635 566 3710 est,
601 3649 670 3715 qno
701 3627 746 3695 ad
778 3626 1019 3698 describendos
1053 3629 1341 3721 Clytaemnestrae

240 3736 372 3804 feroces
404 3732 489 3799 ictus
521 3730 633 3799 utitur.
698 3732 745 3799 Et
776 3753 846 3821 quo
876 3733 985 3801 minus
1018 3732 1092 3822 quis
1124 3734 1276 3823 quamvis
1308 3732 1342 3802 in

241 3861 279 3906 re
311 3859 375 3929 per
400 3857 437 3904 se
455 3833 564 3923 plana
589 3832 734 3922 dubitet,
769 3833 980 3925 Hesychius,
1016 3833 1111 3904 band
1144 3834 1268 3924 dubie,
1301 3858 1343 3904 er
1383 3846 1386 3851 '

241 3939 310 4007 hoc
343 3941 418 4029 ipso
452 3937 545 4005 loco:
580 3935 847 4034 ἰηλεμιστρίας,
880 3935 1110 4037 θρηνητρίας.
1170 3938 1243 4008 Sed
1266 3940 1342 4008 nnl-

243 4042 293 4109 lus
319 4041 485 4108 editorum
509 4037 603 4113 vidit.

679 4283 883 4294 -—-——
