<?xml version="1.0" encoding="UTF-8"?>
<!DOCTYPE html PUBLIC "-//W3C//DTD XHTML 1.0 Transitional//EN"
    "http://www.w3.org/TR/xhtml1/DTD/xhtml1-transitional.dtd">
<html xmlns="http://www.w3.org/1999/xhtml" xml:lang="en" lang="en">
 <head>
  <title>
</title>
<meta http-equiv="Content-Type" content="text/html;charset=utf-8" />
  <meta name='ocr-system' content='tesseract 3.04.00' />
  <meta name='ocr-capabilities' content='ocr_page ocr_carea ocr_par ocr_line ocrx_word'/>
</head>
<body>
  <div class='ocr_page' id='page_1' title='image "./opuscula00hermgoog_0195.png"; bbox 0 0 2842 4920; ppageno 0'>
   <div class='ocr_carea' id='block_1_1' title="bbox 422 354 1206 445">
    <p class='ocr_par' dir='ltr' id='par_1_1' title="bbox 422 354 1206 445">
     <span class='ocr_line' id='line_1_1' title="bbox 422 354 1206 445; baseline 0.023 -20"><span class='ocrx_word' id='word_1_1' title='bbox 422 354 805 436; x_wconf 72' lang='lat' dir='ltr'>noluetum</span> <span class='ocrx_word' id='word_1_2' title='bbox 829 372 879 436; x_wconf 93' lang='lat'>11</span> <span class='ocrx_word' id='word_1_3' title='bbox 1145 380 1206 445; x_wconf 81' lang='grc' dir='ltr'>ιιι</span> 
     </span>
    </p>
   </div>
   <div class='ocr_carea' id='block_1_2' title="bbox 93 555 1253 753">
    <p class='ocr_par' dir='ltr' id='par_1_2' title="bbox 93 555 1253 753">
     <span class='ocr_line' id='line_1_2' title="bbox 93 555 1253 686; baseline 0.01 -62"><span class='ocrx_word' id='word_1_4' title='bbox 93 579 167 648; x_wconf 87' lang='lat' dir='ltr'>que</span> <span class='ocrx_word' id='word_1_5' title='bbox 187 555 271 644; x_wconf 85' lang='lat' dir='ltr'><strong>nihil</strong></span> <span class='ocrx_word' id='word_1_6' title='bbox 288 556 516 647; x_wconf 80' lang='lat' dir='ltr'>frequentius,</span> <span class='ocrx_word' id='word_1_7' title='bbox 566 580 645 630; x_wconf 82' lang='lat' dir='ltr'>uam</span> <span class='ocrx_word' id='word_1_8' title='bbox 667 557 740 640; x_wconf 73' lang='lat' dir='ltr'>noia</span> <span class='ocrx_word' id='word_1_9' title='bbox 759 556 827 637; x_wconf 78' lang='grc' dir='ltr'>ἄν,</span> <span class='ocrx_word' id='word_1_10' title='bbox 852 559 887 630; x_wconf 89' lang='lat' dir='ltr'>in</span> <span class='ocrx_word' id='word_1_11' title='bbox 904 557 973 630; x_wconf 87' lang='lat' dir='ltr'>hou</span> <span class='ocrx_word' id='word_1_12' title='bbox 998 585 1127 686; x_wconf 82' lang='lat' dir='ltr'>genere</span> <span class='ocrx_word' id='word_1_13' title='bbox 1146 574 1207 636; x_wconf 83' lang='lat' dir='ltr'>est</span> <span class='ocrx_word' id='word_1_14' title='bbox 1247 617 1253 628; x_wconf 86' lang='lat'><em>.</em></span> 
     </span>
     <span class='ocr_line' id='line_1_3' title="bbox 94 657 454 753; baseline -0.003 -23"><span class='ocrx_word' id='word_1_15' title='bbox 94 660 216 753; x_wconf 86' lang='lat' dir='ltr'>Eurip.</span> <span class='ocrx_word' id='word_1_16' title='bbox 232 661 353 753; x_wconf 91' lang='lat' dir='ltr'>Suppl.</span> <span class='ocrx_word' id='word_1_17' title='bbox 367 657 454 730; x_wconf 67' lang='lat'><strong>796.</strong></span> 
     </span>
    </p>
   </div>
   <div class='ocr_carea' id='block_1_3' title="bbox 148 793 865 1000">
    <p class='ocr_par' dir='ltr' id='par_1_3' title="bbox 148 793 865 1000">
     <span class='ocr_line' id='line_1_4' title="bbox 148 793 865 922; baseline 0.003 -51"><span class='ocrx_word' id='word_1_18' title='bbox 148 799 222 881; x_wconf 77' lang='lat' dir='ltr'>unic</span> <span class='ocrx_word' id='word_1_19' title='bbox 247 798 294 872; x_wconf 78' lang='lat' dir='ltr'>oin</span> <span class='ocrx_word' id='word_1_20' title='bbox 295 793 472 922; x_wconf 79' lang='grc' dir='ltr'><strong><em>ὀλοίμην</em></strong></span> <span class='ocrx_word' id='word_1_21' title='bbox 497 823 564 870; x_wconf 84' lang='grc' dir='ltr'>σον</span> <span class='ocrx_word' id='word_1_22' title='bbox 585 803 702 879; x_wconf 77' lang='grc' dir='ltr'>τοῖοδο</span> <span class='ocrx_word' id='word_1_23' title='bbox 726 799 865 882; x_wconf 75' lang='grc' dir='ltr'><strong><em>τέκνοις</em></strong></span> 
     </span>
     <span class='ocr_line' id='line_1_5' title="bbox 200 897 771 1000; baseline -0.002 -25"><span class='ocrx_word' id='word_1_24' title='bbox 200 928 326 976; x_wconf 89' lang='grc' dir='ltr'><strong><em>ιιοινον</em></strong></span> <span class='ocrx_word' id='word_1_25' title='bbox 351 905 386 982; x_wconf 77' lang='grc' dir='ltr'>ἐς</span> <span class='ocrx_word' id='word_1_26' title='bbox 405 897 541 1000; x_wconf 83' lang='grc' dir='ltr'><strong><em>Αιδην</em></strong></span> <span class='ocrx_word' id='word_1_27' title='bbox 565 901 771 996; x_wconf 73' lang='grc' dir='ltr'><strong>καταβᾶσα.</strong></span> 
     </span>
    </p>
   </div>
   <div class='ocr_carea' id='block_1_4' title="bbox 24 1037 1232 1544">
    <p class='ocr_par' dir='ltr' id='par_1_4' title="bbox 24 1037 1232 1544">
     <span class='ocr_line' id='line_1_6' title="bbox 96 1037 1205 1133; baseline 0.005 -25"><span class='ocrx_word' id='word_1_28' title='bbox 96 1037 185 1108; x_wconf 90' lang='lat' dir='ltr'>Vide</span> <span class='ocrx_word' id='word_1_29' title='bbox 211 1039 259 1107; x_wconf 90' lang='lat' dir='ltr'>ibi</span> <span class='ocrx_word' id='word_1_30' title='bbox 280 1038 541 1125; x_wconf 85' lang='lat' dir='ltr'>Marklaudum,</span> <span class='ocrx_word' id='word_1_31' title='bbox 568 1047 602 1106; x_wconf 91' lang='lat' dir='ltr'>et</span> <span class='ocrx_word' id='word_1_32' title='bbox 619 1038 879 1109; x_wconf 85' lang='lat' dir='ltr'>Valckenarium</span> <span class='ocrx_word' id='word_1_33' title='bbox 894 1038 939 1107; x_wconf 88' lang='lat' dir='ltr'>ad</span> <span class='ocrx_word' id='word_1_34' title='bbox 957 1038 1101 1133; x_wconf 86' lang='lat' dir='ltr'>Hippol.</span> <span class='ocrx_word' id='word_1_35' title='bbox 1120 1041 1205 1113; x_wconf 80' lang='lat'><strong>2⁰8.</strong></span> 
     </span>
     <span class='ocr_line' id='line_1_7' title="bbox 97 1143 1207 1236; baseline 0.005 -26"><span class='ocrx_word' id='word_1_36' title='bbox 97 1143 155 1232; x_wconf 93' lang='lat' dir='ltr'>qui</span> <span class='ocrx_word' id='word_1_37' title='bbox 181 1151 297 1211; x_wconf 85' lang='lat' dir='ltr'>tamen</span> <span class='ocrx_word' id='word_1_38' title='bbox 319 1165 441 1231; x_wconf 84' lang='lat' dir='ltr'>quum,</span> <span class='ocrx_word' id='word_1_39' title='bbox 467 1150 505 1209; x_wconf 92' lang='lat' dir='ltr'>ut</span> <span class='ocrx_word' id='word_1_40' title='bbox 528 1143 614 1211; x_wconf 84' lang='lat' dir='ltr'>solet</span> <span class='ocrx_word' id='word_1_41' title='bbox 634 1144 796 1234; x_wconf 84' lang='lat' dir='ltr'>exquisita</span> <span class='ocrx_word' id='word_1_42' title='bbox 817 1151 971 1234; x_wconf 84' lang='lat' dir='ltr'>captare,</span> <span class='ocrx_word' id='word_1_43' title='bbox 998 1145 1207 1236; x_wconf 83' lang='lat' dir='ltr'>Sophoclem</span> 
     </span>
     <span class='ocr_line' id='line_1_8' title="bbox 24 1244 1204 1338; baseline 0.006 -27"><span class='ocrx_word' id='word_1_44' title='bbox 24 1250 26 1257; x_wconf 75' lang='grc'>’</span> <span class='ocrx_word' id='word_1_45' title='bbox 97 1246 241 1315; x_wconf 85' lang='lat' dir='ltr'>fortasse</span> <span class='ocrx_word' id='word_1_46' title='bbox 265 1247 370 1314; x_wconf 88' lang='lat' dir='ltr'>semel</span> <span class='ocrx_word' id='word_1_47' title='bbox 391 1254 521 1314; x_wconf 87' lang='lat' dir='ltr'>tantum</span> <span class='ocrx_word' id='word_1_48' title='bbox 542 1245 615 1327; x_wconf 75' lang='lat' dir='ltr'>anic</span> <span class='ocrx_word' id='word_1_49' title='bbox 628 1244 674 1318; x_wconf 81' lang='grc' dir='ltr'>ἄν</span> <span class='ocrx_word' id='word_1_50' title='bbox 699 1246 746 1314; x_wconf 87' lang='lat' dir='ltr'>ita</span> <span class='ocrx_word' id='word_1_51' title='bbox 767 1247 921 1338; x_wconf 88' lang='lat' dir='ltr'>posuisse</span> <span class='ocrx_word' id='word_1_52' title='bbox 944 1245 1044 1331; x_wconf 85' lang='lat' dir='ltr'>dicit,</span> <span class='ocrx_word' id='word_1_53' title='bbox 1070 1249 1204 1318; x_wconf 88' lang='lat' dir='ltr'>fallitur.</span> 
     </span>
     <span class='ocr_line' id='line_1_9' title="bbox 97 1345 1232 1449; baseline 0.006 -32"><span class='ocrx_word' id='word_1_54' title='bbox 97 1346 184 1417; x_wconf 83' lang='lat' dir='ltr'>Vide</span> <span class='ocrx_word' id='word_1_55' title='bbox 200 1346 411 1418; x_wconf 87' lang='lat' dir='ltr'>Brunckium</span> <span class='ocrx_word' id='word_1_56' title='bbox 430 1348 543 1418; x_wconf 85' lang='lat' dir='ltr'>adAi.</span> <span class='ocrx_word' id='word_1_57' title='bbox 565 1345 652 1416; x_wconf 79' lang='grc'><strong>388.</strong></span> <span class='ocrx_word' id='word_1_58' title='bbox 703 1352 783 1419; x_wconf 88' lang='grc' dir='ltr'><strong><em>Νοιι</em></strong></span> <span class='ocrx_word' id='word_1_59' title='bbox 806 1349 916 1417; x_wconf 88' lang='lat' dir='ltr'>solum</span> <span class='ocrx_word' id='word_1_60' title='bbox 936 1359 1049 1419; x_wconf 85' lang='lat' dir='ltr'>autem</span> <span class='ocrx_word' id='word_1_61' title='bbox 1069 1352 1142 1433; x_wconf 76' lang='lat' dir='ltr'>unic</span> <span class='ocrx_word' id='word_1_62' title='bbox 1161 1352 1207 1426; x_wconf 78' lang='lat' dir='ltr'>dr</span> <span class='ocrx_word' id='word_1_63' title='bbox 1228 1432 1232 1449; x_wconf 30' lang='grc' dir='ltr'><strong><em>ι</em></strong></span> 
     </span>
     <span class='ocr_line' id='line_1_10' title="bbox 97 1449 1207 1544; baseline 0.006 -26"><span class='ocrx_word' id='word_1_64' title='bbox 97 1452 144 1518; x_wconf 86' lang='lat' dir='ltr'>ita</span> <span class='ocrx_word' id='word_1_65' title='bbox 165 1460 365 1544; x_wconf 82' lang='lat' dir='ltr'>usurpatur,</span> <span class='ocrx_word' id='word_1_66' title='bbox 391 1450 451 1520; x_wconf 89' lang='lat' dir='ltr'>sed</span> <span class='ocrx_word' id='word_1_67' title='bbox 477 1449 619 1541; x_wconf 82' lang='lat' dir='ltr'>quodvis</span> <span class='ocrx_word' id='word_1_68' title='bbox 641 1452 734 1519; x_wconf 86' lang='lat' dir='ltr'>uliud</span> <span class='ocrx_word' id='word_1_69' title='bbox 753 1454 1030 1544; x_wconf 81' lang='lat' dir='ltr'>interrogativum</span> <span class='ocrx_word' id='word_1_70' title='bbox 1053 1457 1207 1524; x_wconf 84' lang='lat' dir='ltr'>vocabu-</span> 
     </span>
    </p>
   </div>
   <div class='ocr_carea' id='block_1_5' title="bbox 97 1554 1203 1751">
    <p class='ocr_par' dir='ltr' id='par_1_5' title="bbox 97 1554 1203 1751">
     <span class='ocr_line' id='line_1_11' title="bbox 99 1554 1203 1646; baseline 0.005 -24"><span class='ocrx_word' id='word_1_71' title='bbox 99 1555 184 1639; x_wconf 91' lang='lat' dir='ltr'>lum,</span> <span class='ocrx_word' id='word_1_72' title='bbox 210 1554 305 1644; x_wconf 90' lang='lat' dir='ltr'>quod</span> <span class='ocrx_word' id='word_1_73' title='bbox 324 1555 462 1644; x_wconf 92' lang='lat' dir='ltr'>quidem</span> <span class='ocrx_word' id='word_1_74' title='bbox 478 1555 527 1622; x_wconf 90' lang='lat' dir='ltr'>rei</span> <span class='ocrx_word' id='word_1_75' title='bbox 549 1564 666 1646; x_wconf 85' lang='lat' dir='ltr'>aptum</span> <span class='ocrx_word' id='word_1_76' title='bbox 682 1556 739 1642; x_wconf 87' lang='lat' dir='ltr'>sit,</span> <span class='ocrx_word' id='word_1_77' title='bbox 766 1578 842 1627; x_wconf 88' lang='lat' dir='ltr'>eam</span> <span class='ocrx_word' id='word_1_78' title='bbox 864 1557 1027 1626; x_wconf 90' lang='lat' dir='ltr'>rationem</span> <span class='ocrx_word' id='word_1_79' title='bbox 1051 1559 1203 1628; x_wconf 78' lang='lat' dir='ltr'>admittit.</span> 
     </span>
     <span class='ocr_line' id='line_1_12' title="bbox 97 1653 607 1751; baseline 0.002 -26"><span class='ocrx_word' id='word_1_80' title='bbox 97 1656 196 1725; x_wconf 87' lang='lat' dir='ltr'>Vt&#39;</span> <span class='ocrx_word' id='word_1_81' title='bbox 157 1683 235 1739; x_wconf 77' lang='grc' dir='ltr'>τις.</span> <span class='ocrx_word' id='word_1_82' title='bbox 270 1657 395 1728; x_wconf 83' lang='lat' dir='ltr'>Aesch.</span> <span class='ocrx_word' id='word_1_83' title='bbox 411 1659 478 1751; x_wconf 83' lang='lat' dir='ltr'>Ag.</span> <span class='ocrx_word' id='word_1_84' title='bbox 496 1653 607 1726; x_wconf 68' lang='lat'><strong>1457.</strong></span> 
     </span>
    </p>
   </div>
   <div class='ocr_carea' id='block_1_6' title="bbox 148 1786 882 1891">
    <p class='ocr_par' dir='ltr' id='par_1_6' title="bbox 148 1786 882 1891">
     <span class='ocr_line' id='line_1_13' title="bbox 148 1786 882 1891; baseline 0.001 -24"><span class='ocrx_word' id='word_1_85' title='bbox 148 1792 218 1889; x_wconf 78' lang='grc' dir='ltr'>φεῦ</span> <span class='ocrx_word' id='word_1_86' title='bbox 242 1791 298 1875; x_wconf 75' lang='grc' dir='ltr'>τίς</span> <span class='ocrx_word' id='word_1_87' title='bbox 323 1794 369 1870; x_wconf 75' lang='grc' dir='ltr'>ἄν</span> <span class='ocrx_word' id='word_1_88' title='bbox 390 1799 429 1869; x_wconf 78' lang='grc' dir='ltr'>ἐν</span> <span class='ocrx_word' id='word_1_89' title='bbox 455 1789 559 1884; x_wconf 74' lang='grc' dir='ltr'><strong><em>τάχει</em></strong></span> <span class='ocrx_word' id='word_1_90' title='bbox 583 1822 636 1888; x_wconf 86' lang='grc' dir='ltr'>μη</span> <span class='ocrx_word' id='word_1_91' title='bbox 628 1786 882 1891; x_wconf 65' lang='grc' dir='ltr'><strong><em>περιώδυνος</em></strong></span> 
     </span>
    </p>
   </div>
   <div class='ocr_carea' id='block_1_7' title="bbox 144 1890 801 2098">
    <p class='ocr_par' dir='ltr' id='par_1_7' title="bbox 144 1890 801 2098">
     <span class='ocr_line' id='line_1_14' title="bbox 145 1890 503 2019; baseline 0.022 -49"><span class='ocrx_word' id='word_1_92' title='bbox 145 1900 239 1992; x_wconf 82' lang='grc' dir='ltr'><em>μηδὲ</em></span> <span class='ocrx_word' id='word_1_93' title='bbox 266 1890 503 2019; x_wconf 73' lang='grc' dir='ltr'>δεμνιοτήρης</span> 
     </span>
     <span class='ocr_line' id='line_1_15' title="bbox 144 1993 801 2098; baseline -0.002 -25"><span class='ocrx_word' id='word_1_94' title='bbox 144 1993 255 2092; x_wconf 82' lang='grc' dir='ltr'>μόλοι</span> <span class='ocrx_word' id='word_1_95' title='bbox 280 1995 348 2075; x_wconf 75' lang='lat' dir='ltr'>adr</span> <span class='ocrx_word' id='word_1_96' title='bbox 375 2001 446 2072; x_wconf 85' lang='grc' dir='ltr'><strong><em>αἰεὶ</em></strong></span> <span class='ocrx_word' id='word_1_97' title='bbox 472 1995 622 2096; x_wconf 76' lang='grc' dir='ltr'><strong><em>φέροιο</em></strong></span> <span class='ocrx_word' id='word_1_98' title='bbox 648 2004 687 2075; x_wconf 82' lang='grc' dir='ltr'>ἑν</span> <span class='ocrx_word' id='word_1_99' title='bbox 713 1997 801 2098; x_wconf 83' lang='grc' dir='ltr'><strong><em>ημῖν</em></strong></span> 
     </span>
    </p>
   </div>
   <div class='ocr_carea' id='block_1_8' title="bbox 145 2098 636 2199">
    <p class='ocr_par' dir='ltr' id='par_1_8' title="bbox 145 2098 636 2199">
     <span class='ocr_line' id='line_1_16' title="bbox 145 2098 636 2199; baseline 0.002 -23"><span class='ocrx_word' id='word_1_100' title='bbox 145 2108 234 2199; x_wconf 83' lang='grc' dir='ltr'><strong><em>μοΐρ</em></strong></span> <span class='ocrx_word' id='word_1_101' title='bbox 241 2098 522 2178; x_wconf 76' lang='grc' dir='ltr'><em>ἀτέλευτον</em></span> <span class='ocrx_word' id='word_1_102' title='bbox 500 2129 636 2196; x_wconf 66' lang='grc' dir='ltr'><strong><em>οπνονς</em></strong></span> 
     </span>
    </p>
   </div>
   <div class='ocr_carea' id='block_1_9' title="bbox 101 2237 677 2522">
    <p class='ocr_par' dir='ltr' id='par_1_9' title="bbox 101 2237 677 2522">
     <span class='ocr_line' id='line_1_17' title="bbox 101 2237 483 2333; baseline 0.009 -27.225"><span class='ocrx_word' id='word_1_103' title='bbox 101 2237 183 2309; x_wconf 82' lang='lat' dir='ltr'>ude</span> <span class='ocrx_word' id='word_1_104' title='bbox 199 2239 310 2333; x_wconf 80' lang='lat' dir='ltr'>Soph.</span> <span class='ocrx_word' id='word_1_105' title='bbox 329 2240 383 2314; x_wconf 74' lang='grc' dir='ltr'>Αἱ.</span> <span class='ocrx_word' id='word_1_106' title='bbox 396 2237 483 2310; x_wconf 75' lang='grc'><strong>879.</strong></span> 
     </span>
     <span class='ocr_line' id='line_1_18' title="bbox 107 2396 677 2522; baseline 0.002 -121"><span class='ocrx_word' id='word_1_107' title='bbox 107 2396 110 2401; x_wconf 90' lang='grc'><strong>.</strong></span> <span class='ocrx_word' id='word_1_108' title='bbox 615 2447 677 2522; x_wconf 61' lang='lat' dir='ltr'>XL</span> 
     </span>
    </p>
   </div>
   <div class='ocr_carea' id='block_1_10' title="bbox 130 2597 1173 2793">
    <p class='ocr_par' dir='ltr' id='par_1_10' title="bbox 130 2597 1173 2793">
     <span class='ocr_line' id='line_1_19' title="bbox 130 2597 1173 2695; baseline 0.005 -27"><span class='ocrx_word' id='word_1_109' title='bbox 130 2597 196 2670; x_wconf 88' lang='lat' dir='ltr'>De</span> <span class='ocrx_word' id='word_1_110' title='bbox 222 2599 435 2695; x_wconf 82' lang='lat' dir='ltr'>optativo</span> <span class='ocrx_word' id='word_1_111' title='bbox 462 2621 560 2671; x_wconf 83' lang='lat' dir='ltr'>com</span> <span class='ocrx_word' id='word_1_112' title='bbox 585 2599 640 2674; x_wconf 73' lang='grc' dir='ltr'>ἄν</span> <span class='ocrx_word' id='word_1_113' title='bbox 666 2600 714 2669; x_wconf 83' lang='lat' dir='ltr'>io</span> <span class='ocrx_word' id='word_1_114' title='bbox 740 2598 982 2670; x_wconf 81' lang='lat' dir='ltr'>cententio</span> <span class='ocrx_word' id='word_1_115' title='bbox 1008 2602 1173 2673; x_wconf 82' lang='lat' dir='ltr'>coodi-</span> 
     </span>
     <span class='ocr_line' id='line_1_20' title="bbox 561 2720 744 2793; baseline 0 -1"><span class='ocrx_word' id='word_1_116' title='bbox 561 2720 744 2793; x_wconf 81' lang='lat' dir='ltr'>tiooati.</span> 
     </span>
    </p>
   </div>
   <div class='ocr_carea' id='block_1_11' title="bbox 97 2857 1206 3566">
    <p class='ocr_par' dir='ltr' id='par_1_11' title="bbox 99 2857 1206 3032">
     <span class='ocr_line' id='line_1_21' title="bbox 197 2857 1206 2949; baseline 0.006 -24"><span class='ocrx_word' id='word_1_117' title='bbox 197 2857 380 2949; x_wconf 87' lang='lat' dir='ltr'>Reliquum</span> <span class='ocrx_word' id='word_1_118' title='bbox 398 2868 450 2929; x_wconf 87' lang='lat' dir='ltr'>est</span> <span class='ocrx_word' id='word_1_119' title='bbox 468 2868 506 2929; x_wconf 94' lang='lat' dir='ltr'>ut</span> <span class='ocrx_word' id='word_1_120' title='bbox 525 2860 571 2930; x_wconf 93' lang='lat' dir='ltr'>de</span> <span class='ocrx_word' id='word_1_121' title='bbox 588 2859 757 2929; x_wconf 89' lang='lat' dir='ltr'>sententiis</span> <span class='ocrx_word' id='word_1_122' title='bbox 777 2858 1057 2930; x_wconf 72' lang='lat' dir='ltr'>conditionalibus</span> <span class='ocrx_word' id='word_1_123' title='bbox 1071 2871 1105 2931; x_wconf 91' lang='lat' dir='ltr'>et</span> <span class='ocrx_word' id='word_1_124' title='bbox 1119 2862 1206 2930; x_wconf 86' lang='lat' dir='ltr'>linu-</span> 
     </span>
     <span class='ocr_line' id='line_1_22' title="bbox 99 2957 379 3032; baseline 0.029 -8"><span class='ocrx_word' id='word_1_125' title='bbox 99 2957 181 3030; x_wconf 85' lang='lat' dir='ltr'>libus</span> <span class='ocrx_word' id='word_1_126' title='bbox 195 2960 379 3032; x_wconf 84' lang='lat' dir='ltr'>videamus.</span> 
     </span>
    </p>

    <p class='ocr_par' dir='ltr' id='par_1_12' title="bbox 97 3063 1206 3566">
     <span class='ocr_line' id='line_1_23' title="bbox 198 3063 1206 3156; baseline 0 -23"><span class='ocrx_word' id='word_1_127' title='bbox 198 3064 246 3134; x_wconf 90' lang='lat' dir='ltr'>Et</span> <span class='ocrx_word' id='word_1_128' title='bbox 264 3067 298 3134; x_wconf 92' lang='lat' dir='ltr'>iu</span> <span class='ocrx_word' id='word_1_129' title='bbox 313 3065 526 3135; x_wconf 81' lang='lat' dir='ltr'>conditionali</span> <span class='ocrx_word' id='word_1_130' title='bbox 540 3064 680 3155; x_wconf 88' lang='lat' dir='ltr'>quidem</span> <span class='ocrx_word' id='word_1_131' title='bbox 696 3063 858 3131; x_wconf 90' lang='lat' dir='ltr'>sententia</span> <span class='ocrx_word' id='word_1_132' title='bbox 880 3065 1009 3155; x_wconf 83' lang='lat' dir='ltr'>duplex</span> <span class='ocrx_word' id='word_1_133' title='bbox 1029 3072 1079 3132; x_wconf 91' lang='lat' dir='ltr'>cst</span> <span class='ocrx_word' id='word_1_134' title='bbox 1097 3066 1206 3156; x_wconf 89' lang='lat' dir='ltr'>parti-</span> 
     </span>
     <span class='ocr_line' id='line_1_24' title="bbox 99 3165 1206 3261; baseline 0.005 -29"><span class='ocrx_word' id='word_1_135' title='bbox 99 3165 192 3234; x_wconf 89' lang='lat' dir='ltr'>culae</span> <span class='ocrx_word' id='word_1_136' title='bbox 207 3166 253 3240; x_wconf 82' lang='grc' dir='ltr'>οἲν</span> <span class='ocrx_word' id='word_1_137' title='bbox 268 3192 346 3237; x_wconf 92' lang='lat' dir='ltr'>cum</span> <span class='ocrx_word' id='word_1_138' title='bbox 359 3170 509 3261; x_wconf 79' lang='lat' dir='ltr'>optativo</span> <span class='ocrx_word' id='word_1_139' title='bbox 525 3167 747 3254; x_wconf 82' lang='lat' dir='ltr'>constructio,</span> <span class='ocrx_word' id='word_1_140' title='bbox 773 3166 879 3235; x_wconf 87' lang='lat' dir='ltr'>altera</span> <span class='ocrx_word' id='word_1_141' title='bbox 892 3167 1033 3260; x_wconf 90' lang='lat' dir='ltr'>propria</span> <span class='ocrx_word' id='word_1_142' title='bbox 1053 3168 1206 3236; x_wconf 73' lang='lat' dir='ltr'>ueterum</span> 
     </span>
     <span class='ocr_line' id='line_1_25' title="bbox 98 3261 1206 3367; baseline 0.005 -31"><span class='ocrx_word' id='word_1_143' title='bbox 98 3270 289 3362; x_wconf 87' lang='lat' dir='ltr'>epicorum,</span> <span class='ocrx_word' id='word_1_144' title='bbox 314 3273 514 3367; x_wconf 88' lang='lat' dir='ltr'>particulam</span> <span class='ocrx_word' id='word_1_145' title='bbox 538 3273 585 3342; x_wconf 87' lang='lat' dir='ltr'>sic</span> <span class='ocrx_word' id='word_1_146' title='bbox 606 3270 774 3340; x_wconf 87' lang='lat' dir='ltr'>adiectam</span> <span class='ocrx_word' id='word_1_147' title='bbox 796 3261 947 3358; x_wconf 83' lang='lat' dir='ltr'>habeus,</span> <span class='ocrx_word' id='word_1_148' title='bbox 972 3278 1011 3338; x_wconf 92' lang='lat' dir='ltr'>ut</span> <span class='ocrx_word' id='word_1_149' title='bbox 1032 3270 1141 3364; x_wconf 83' lang='lat' dir='ltr'>magis</span> <span class='ocrx_word' id='word_1_150' title='bbox 1159 3272 1206 3347; x_wconf 86' lang='lat' dir='ltr'>ad</span> 
     </span>
     <span class='ocr_line' id='line_1_26' title="bbox 97 3373 1205 3468; baseline 0.005 -28"><span class='ocrx_word' id='word_1_151' title='bbox 97 3375 252 3444; x_wconf 81' lang='lat' dir='ltr'>voculam</span> <span class='ocrx_word' id='word_1_152' title='bbox 286 3376 565 3465; x_wconf 87' lang='lat' dir='ltr'>conditionalem,</span> <span class='ocrx_word' id='word_1_153' title='bbox 599 3397 703 3466; x_wconf 92' lang='lat' dir='ltr'>quam</span> <span class='ocrx_word' id='word_1_154' title='bbox 736 3373 781 3442; x_wconf 88' lang='lat' dir='ltr'>ad</span> <span class='ocrx_word' id='word_1_155' title='bbox 810 3374 999 3468; x_wconf 85' lang='lat' dir='ltr'>optativum</span> <span class='ocrx_word' id='word_1_156' title='bbox 1022 3376 1205 3467; x_wconf 82' lang='lat' dir='ltr'>pertineat:</span> 
     </span>
     <span class='ocr_line' id='line_1_27' title="bbox 97 3476 1203 3566; baseline 0.005 -21"><span class='ocrx_word' id='word_1_157' title='bbox 97 3479 332 3566; x_wconf 85' lang='lat' dir='ltr'>quarecultror</span> <span class='ocrx_word' id='word_1_158' title='bbox 345 3503 455 3550; x_wconf 86' lang='lat' dir='ltr'>sermo</span> <span class='ocrx_word' id='word_1_159' title='bbox 469 3489 590 3549; x_wconf 91' lang='lat' dir='ltr'>utnon</span> <span class='ocrx_word' id='word_1_160' title='bbox 603 3479 825 3549; x_wconf 83' lang='lat' dir='ltr'>necessariam</span> <span class='ocrx_word' id='word_1_161' title='bbox 837 3478 966 3548; x_wconf 92' lang='lat' dir='ltr'>omittit.</span> <span class='ocrx_word' id='word_1_162' title='bbox 992 3477 1089 3548; x_wconf 86' lang='lat' dir='ltr'>Iliad.</span> <span class='ocrx_word' id='word_1_163' title='bbox 1101 3508 1135 3552; x_wconf 85' lang='grc' dir='ltr'>α.</span> <span class='ocrx_word' id='word_1_164' title='bbox 1143 3476 1203 3550; x_wconf 84' lang='grc'>59.</span> 
     </span>
    </p>
   </div>
   <div class='ocr_carea' id='block_1_12' title="bbox 146 3609 1231 3836">
    <p class='ocr_par' dir='ltr' id='par_1_13' title="bbox 146 3609 1231 3817">
     <span class='ocr_line' id='line_1_28' title="bbox 146 3609 1069 3734; baseline -0.003 -43.97"><span class='ocrx_word' id='word_1_165' title='bbox 146 3609 409 3734; x_wconf 55' lang='lat' dir='ltr'>&#39;Amasim‘</span> <span class='ocrx_word' id='word_1_166' title='bbox 364 3644 430 3691; x_wconf 88' lang='grc' dir='ltr'>νον</span> <span class='ocrx_word' id='word_1_167' title='bbox 456 3615 557 3711; x_wconf 81' lang='grc' dir='ltr'><strong><em>ἄμμε</em></strong></span> <span class='ocrx_word' id='word_1_168' title='bbox 582 3611 1000 3710; x_wconf 71' lang='lat' dir='ltr'>aalapuloyxde&#39;vroc&#39;</span> <span class='ocrx_word' id='word_1_169' title='bbox 978 3621 1069 3689; x_wconf 74' lang='lat' dir='ltr'>oro</span> 
     </span>
     <span class='ocr_line' id='line_1_29' title="bbox 147 3711 1231 3836; baseline 0.005 -47"><span class='ocrx_word' id='word_1_170' title='bbox 147 3712 204 3813; x_wconf 77' lang='lat' dir='ltr'>rip</span> <span class='ocrx_word' id='word_1_171' title='bbox 230 3712 517 3836; x_wconf 75' lang='grc' dir='ltr'><strong><em>ἀπονοστήσειν,</em></strong></span> <span class='ocrx_word' id='word_1_172' title='bbox 544 3722 581 3793; x_wconf 83' lang='grc' dir='ltr'>εἴ</span> <span class='ocrx_word' id='word_1_173' title='bbox 601 3745 662 3793; x_wconf 86' lang='grc' dir='ltr'><strong><em>ιιεν</em></strong></span> <span class='ocrx_word' id='word_1_174' title='bbox 687 3711 856 3793; x_wconf 79' lang='grc' dir='ltr'><strong><em>θάνατόν</em></strong></span> <span class='ocrx_word' id='word_1_175' title='bbox 881 3747 922 3814; x_wconf 73' lang='grc' dir='ltr'>νο</span> <span class='ocrx_word' id='word_1_176' title='bbox 948 3711 1138 3813; x_wconf 76' lang='grc' dir='ltr'>φύγοιμεν.</span> <span class='ocrx_word' id='word_1_177' title='bbox 1223 3723 1231 3737; x_wconf 77' lang='grc'><strong>’</strong></span> 
     </span>
    </p>
   </div>
   <div class='ocr_carea' id='block_1_13' title="bbox 98 3852 326 3945">
    <p class='ocr_par' dir='ltr' id='par_1_14' title="bbox 98 3852 326 3945">
     <span class='ocr_line' id='line_1_30' title="bbox 98 3852 326 3945; baseline -0.018 -20"><span class='ocrx_word' id='word_1_178' title='bbox 98 3852 224 3925; x_wconf 65' lang='lat' dir='ltr'>nm</span> <span class='ocrx_word' id='word_1_179' title='bbox 318 3924 326 3945; x_wconf 24' lang='grc' dir='ltr'>ἱ</span> 
     </span>
    </p>
   </div>
   <div class='ocr_carea' id='block_1_14' title="bbox 147 3985 1205 4088">
    <p class='ocr_par' dir='ltr' id='par_1_15' title="bbox 147 3985 1205 4088">
     <span class='ocr_line' id='line_1_31' title="bbox 147 3985 1205 4088; baseline 0.002 -24"><span class='ocrx_word' id='word_1_180' title='bbox 147 3993 183 4065; x_wconf 86' lang='grc' dir='ltr'>εἰ</span> <span class='ocrx_word' id='word_1_181' title='bbox 206 3985 328 4066; x_wconf 76' lang='grc' dir='ltr'><strong><em>τούτω</em></strong></span> <span class='ocrx_word' id='word_1_182' title='bbox 350 4021 390 4067; x_wconf 74' lang='lat' dir='ltr'>ue</span> <span class='ocrx_word' id='word_1_183' title='bbox 409 3988 609 4087; x_wconf 74' lang='grc' dir='ltr'><strong><em>λάβοιμεν,</em></strong></span> <span class='ocrx_word' id='word_1_184' title='bbox 636 3985 825 4088; x_wconf 76' lang='grc' dir='ltr'>α’ροίμοθοί</span> <span class='ocrx_word' id='word_1_185' title='bbox 849 4017 910 4064; x_wconf 85' lang='grc' dir='ltr'><strong><em>ιιεν</em></strong></span> <span class='ocrx_word' id='word_1_186' title='bbox 936 3987 1035 4072; x_wconf 75' lang='grc' dir='ltr'><strong><em>κλέος</em></strong></span> <span class='ocrx_word' id='word_1_187' title='bbox 1060 3986 1205 4068; x_wconf 77' lang='grc' dir='ltr'>ἐσθλόν.</span> 
     </span>
    </p>
   </div>
   <div class='ocr_carea' id='block_1_15' title="bbox 97 4127 1240 4321">
    <p class='ocr_par' dir='ltr' id='par_1_16' title="bbox 97 4127 1240 4321">
     <span class='ocr_line' id='line_1_32' title="bbox 97 4127 1240 4237; baseline 0.005 -43"><span class='ocrx_word' id='word_1_188' title='bbox 97 4127 259 4212; x_wconf 79' lang='lat' dir='ltr'>Quibus</span> <span class='ocrx_word' id='word_1_189' title='bbox 249 4152 284 4198; x_wconf 89' lang='lat' dir='ltr'>m</span> <span class='ocrx_word' id='word_1_190' title='bbox 299 4131 384 4200; x_wconf 86' lang='lat' dir='ltr'>locis</span> <span class='ocrx_word' id='word_1_191' title='bbox 404 4154 450 4199; x_wconf 89' lang='lat' dir='ltr'>ue</span> <span class='ocrx_word' id='word_1_192' title='bbox 462 4138 562 4223; x_wconf 89' lang='lat' dir='ltr'>putes</span> <span class='ocrx_word' id='word_1_193' title='bbox 579 4150 690 4224; x_wconf 77' lang='lat' dir='ltr'>posse</span> <span class='ocrx_word' id='word_1_194' title='bbox 702 4127 892 4222; x_wconf 82' lang='lat' dir='ltr'>significari,</span> <span class='ocrx_word' id='word_1_195' title='bbox 917 4127 1054 4237; x_wconf 88' lang='lat' dir='ltr'>plurimi</span> <span class='ocrx_word' id='word_1_196' title='bbox 1070 4129 1206 4200; x_wconf 83' lang='lat' dir='ltr'>obstant</span> <span class='ocrx_word' id='word_1_197' title='bbox 1239 4130 1240 4133; x_wconf 66' lang='grc'>’</span> 
     </span>
     <span class='ocr_line' id='line_1_33' title="bbox 97 4231 546 4321; baseline 0.005 -22"><span class='ocrx_word' id='word_1_198' title='bbox 97 4231 152 4299; x_wconf 87' lang='lat' dir='ltr'>alii</span> <span class='ocrx_word' id='word_1_199' title='bbox 166 4233 249 4318; x_wconf 89' lang='lat' dir='ltr'>loci,</span> <span class='ocrx_word' id='word_1_200' title='bbox 274 4242 313 4302; x_wconf 93' lang='lat' dir='ltr'>ut</span> <span class='ocrx_word' id='word_1_201' title='bbox 327 4234 464 4321; x_wconf 62' lang='lat' dir='ltr'>Iliada</span> <span class='ocrx_word' id='word_1_202' title='bbox 483 4232 546 4306; x_wconf 83' lang='grc'>49.</span> 
     </span>
    </p>
   </div>
   <div class='ocr_carea' id='block_1_16' title="bbox 146 4363 1146 4471">
    <p class='ocr_par' dir='ltr' id='par_1_17' title="bbox 146 4363 1146 4471">
     <span class='ocr_line' id='line_1_34' title="bbox 146 4363 1146 4471; baseline 0.001 -31"><span class='ocrx_word' id='word_1_203' title='bbox 146 4394 220 4444; x_wconf 61' lang='grc' dir='ltr'>των</span> <span class='ocrx_word' id='word_1_204' title='bbox 241 4371 301 4445; x_wconf 67' lang='lat' dir='ltr'><em>w</em></span> <span class='ocrx_word' id='word_1_205' title='bbox 327 4399 390 4446; x_wconf 58' lang='grc'>708</span> <span class='ocrx_word' id='word_1_206' title='bbox 416 4368 610 4471; x_wconf 61' lang='grc' dir='ltr'><strong><em>χαρίσαιτο</em></strong></span> <span class='ocrx_word' id='word_1_207' title='bbox 636 4396 758 4469; x_wconf 61' lang='lat' dir='ltr'>imm)</span> <span class='ocrx_word' id='word_1_208' title='bbox 785 4364 950 4467; x_wconf 60' lang='lat' dir='ltr'>amomi</span> <span class='ocrx_word' id='word_1_209' title='bbox 991 4363 1146 4459; x_wconf 57' lang='grc' dir='ltr'><strong><em>ἄποινα,</em></strong></span> 
     </span>
    </p>
   </div>
   <div class='ocr_carea' id='block_1_17' title="bbox 0 0 1433 4920">
    <p class='ocr_par' dir='ltr' id='par_1_18' title="bbox 0 0 1433 4920">
     <span class='ocr_line' id='line_1_35' title="bbox 0 0 1433 4920; baseline 0 0"><span class='ocrx_word' id='word_1_210' title='bbox 0 0 1433 4920; x_wconf 95' lang='lat' dir='ltr'> </span> 
     </span>
    </p>
   </div>
  </div>
 </body>
</html>
