2842 4920
152 343 215 410 182
504 336 561 398 DE
588 335 863 398 PARTICVLA
884 327 932 400 dv

152 529 299 614 lativum,
326 525 380 595 oui
396 523 450 607 τίς
465 526 661 619 respondet,
683 548 756 594 esse
775 523 997 593 referendam.
1048 524 1103 592 Ex
1118 543 1161 595 eo
1176 523 1269 592 enim

152 631 350 725 pronomine
366 628 552 700 derivatum
568 629 766 697 adverbium
780 635 856 707 ἵνα,
876 626 938 699 aba·
949 627 1150 720 significans.
1177 627 1270 694 Nam

151 734 292 804 Porsoni
314 731 526 820 coniectura,
553 731 588 799 in
602 731 829 800 Miscellaneis
852 730 921 799 eius
939 730 1102 798 aKiddio
1121 754 1157 822 p.
1180 727 1269 797 3⁰2.

152 837 304 930 prodita,
331 841 393 907 ἴνα
414 856 488 902 esse
512 838 547 909 ἰν
566 832 658 929 pisi.
681 858 711 903 e.
728 839 765 906 ἐν
781 829 807 927 ᾇ
817 880 827 917 ,
852 835 975 903 rectius
997 832 1157 902 oblivioni
1180 841 1308 902 esset·

153 940 285 1011 tradita.
336 938 400 1005 Est
418 948 530 1006 autem
547 944 607 1009 ἵνα
624 937 856 1005 tantummodo
873 939 1061 1023 relativum,
1087 959 1200 1027 neque
1214 935 1270 1004 in-

153 1040 372 1134 terrogationi
385 1063 454 1108 non
472 1041 630 1129 obliquae
646 1040 801 1109 adhiberi
815 1049 947 1132 potest:
973 1039 1068 1129 quod
1082 1049 1175 1107 recte
1192 1035 1271 1107 mo-

153 1145 224 1214 nuit
242 1142 422 1212 Ehnsleius
437 1143 483 1211 ad
502 1138 590 1214 Oed.
613 1145 656 1212 R.
672 1137 784 1211 1515.
837 1145 927 1212 Nam
942 1143 977 1211 iu
990 1166 1032 1212 ea
1044 1142 1162 1211 fabula
1175 1141 1271 1232 quod

153 1271 186 1322 v.
201 1245 287 1318 946.-
303 1245 444 1339 legitur,

781 1391 810 1468 oi
826 1395 925 1472 dado
937 1389 1204 1493 μαντεύματα,

254 1496 308 1572 ἵν’
329 1500 428 1584 ἐστέ,

77 1698 81 1709 ‹
153 1675 222 1721 non
235 1664 285 1721 est
298 1651 551 1745 interrogantis,
578 1649 641 1720 sed
655 1648 794 1740 oblique
807 1652 1040 1739 exclamantis,
1067 1651 1164 1720 sicuti
1178 1652 1213 1720 in
1227 1675 1270 1722 eo

153 1777 280 1851 genere
310 1753 375 1843 uic,
410 1773 482 1824 non
509 1751 581 1834 πῶς
611 1751 740 1820 dieitur.
792 1755 913 1855 ltaque
940 1763 1033 1824 reete
1063 1755 1269 1846 scholiastes,

60 1897 63 1910 ·
156 1856 249 1933 ὅπου
266 1858 357 1930 ἐστέ.

257 1958 466 2030 construitur
491 1965 604 2025 autern
625 1961 685 2028 ἵνα
707 1953 768 2024 obt
788 1957 997 2049 significans,
1030 1967 1067 2025 ut
1090 1967 1270 2028 consenta-

153 2081 255 2132 neum
269 2071 341 2146 est,
368 2083 446 2129 oum
458 2059 641 2129 indicativis
657 2060 806 2128 omnium
826 2069 1037 2151 temporum,
1063 2084 1175 2150 neque
1192 2070 1270 2130 tan-

74 2209 79 2218 ·
153 2177 225 2234 turn
238 2165 330 2257 apud
344 2174 477 2256 poetas,
503 2163 564 2232 sed
581 2163 681 2229 etiam
690 2163 784 2254 apud
798 2164 981 2255 scriptores
994 2184 1119 2251 prosae
1136 2165 1268 2233 oratio-

153 2269 214 2342 nis.
265 2267 339 2335 Sed
354 2268 411 2334 illa
424 2263 491 2334 loci
506 2265 706 2358 significatio
728 2272 779 2334 est
796 2267 855 2334 ubi
866 2267 962 2334 latius
977 2272 1110 2356 pateat,
1136 2269 1270 2337 miuus·

155 2391 222 2463 que
237 2369 377 2443 definita
391 2371 449 2456 sit,
475 2377 512 2440 ut
530 2367 658 2459 Odyss.
670 2377 696 2455 ζ.
715 2367 777 2437 21.

110 2595 119 2605 ν
206 2519 263 2594 nol
280 2520 319 2596 δὲ
334 2512 450 2615 γάμος
464 2511 592 2611 σχεδόν
605 2526 725 2612 ἐστιν,
754 2529 814 2597 ἴνα
829 2514 897 2618 χρῆ
915 2511 1008 2592 uoto?
1020 2516 1090 2610 μὲν
1106 2514 1224 2618 αὐτήν

204 2629 395 2702 ἕννυσθαι,
421 2618 471 2698 τα
486 2625 524 2698 δὲ
539 2631 637 2698 τοῖσι
651 2632 866 2721 παρασχεῖν,
894 2629 936 2693 οἴ
945 2622 987 2695 κέ
999 2617 1029 2694 o'
1042 2618 1214 2717 ἄγωνται.

153 2775 220 2845 Hic
235 2776 374 2866 quidem
396 2785 487 2843 certe
509 2776 554 2842 ad
577 2777 710 2869 nuptias
733 2777 779 2845 ita
799 2777 960 2861 refertur,
986 2783 1025 2842 ut
1046 2774 1089 2841 de
1110 2786 1267 2868 tempore

152 2879 382 2970 potiusquam
401 2878 444 2946 de
462 2879 539 2946 loco
554 2879 595 2946 sit
614 2881 841 2973 cogitandum.
881 2879 929 2947 Et
943 2879 991 2946 sic
1008 2879 1109 2945 etiam
1122 2879 1217 2947 Iliad.
1233 2907 1265 2978 η.

154 2979 240 3050 353.
256 2981 383 3070 dequo
403 2982 480 3050 loco
496 3005 576 3050 mox
590 2983 728 3056 dicetur.
757 2981 842 3053 'Nec
854 2984 975 3050 mirum
990 3004 1093 3069 quum
1110 2983 1265 3050 omuibus

152 3086 187 3154 iu
202 3086 323 3177 linguis
338 3085 405 3153 loci
426 3085 588 3154 adverbia
606 3089 706 3155 etiarn
723 3087 768 3155 ad
783 3097 919 3178 tempus
936 3085 1107 3153 transferri
1124 3087 1263 3158 soleant.

152 3187 199 3257 Et
213 3187 272 3256 ubi
293 3189 431 3278 quidem
446 3211 550 3277 quum
569 3189 734 3281 signifieat
752 3213 819 3258 vox
834 3191 910 3276 illa,
938 3189 1038 3256 etiam
1060 3209 1138 3254 oum
1156 3189 1264 3281 parti-

154 3293 229 3358 cula
242 3289 287 3362 ἂν
302 3291 524 3382 coniungitur,
550 3300 588 3359 ut
601 3293 642 3358 sit
655 3291 876 3383 ubicumque.
903 3291 1022 3383 Eurip.
1036 3289 1107 3358 lon.
1125 3289 1212 3360 315.

204 3437 302 3513 ἅπαν
320 3441 413 3515 θεοῦ
426 3468 494 3535 μοι
511 3439 607 3536 δῶμ’
616 3497 630 3532 ,
657 3442 707 3517 ἵν’
718 3445 764 3519 ἄν
779 3438 871 3542 λάβῃ
885 3439 929 3538 μ’
946 3440 1067 3525 ὕπνος·

152 3591 326 3687 anuph.
339 3594 427 3663 nus
449 3592 560 3664 1151.

203 3748 333 3845 πατρὶς
347 3742 417 3847 yolo
434 3754 513 3823 ἐστι
527 3746 636 3837 noio',
663 3745 715 3821 ἵν’
731 3747 778 3823 ἄν
795 3745 939 3848 πράττῃ
956 3776 1012 3832 τις
1028 3743 1079 3821 εὖ.

152 3901 242 3970 Nub.
259 3899 368 3968 1232.

203 4055 263 4127 ναὶ
282 4051 389 4128 ταῦτ’
407 4049 589 4152 ἐθελήσαις
602 4048 791 4149 ἀπομόσαι
806 4081 874 4150 μοι
889 4046 974 4134 votis
985 4045 1112 4133 θεούς,
1128 4101 1131 4111 ,

203 4152 252 4230 ἵν’
267 4156 313 4230 ἂν
326 4150 549 4251 νσλσύσω’να1’
565 4183 615 4232 σε.
660 4225 664 4229 .
753 4190 757 4232 t

151 4333 257 4426 quem·
267 4311 381 4381 locum
398 4283 468 4381 non
486 4309 633 4384 debebat
647 4311 823 4383 sollicitare
841 4308 1021 4404 Reisigius.
1073 4305 1162 4378 Illud
1177 4329 1258 4378 vero
