2842 4920
168 342 213 405 98
510 333 568 394 DE
606 326 943 397 PARTiCVdeu

174 527 239 595 tior
252 524 414 594 conditior
434 523 579 593 refertur
598 523 687 591 enim
702 521 746 589 ad
762 531 891 591 certam
911 544 1007 614 spem
1023 531 1125 611 atque
1142 522 1285 617 opinio-

174 652 271 715 nem,
297 614 446 697 suturum
467 627 549 718 qnid
573 649 663 713 esse,
692 627 881 709 ueletiam,
903 627 1190 717 proreinatura,
1216 650 1286 696 non

176 757 249 802 esse
269 732 428 801 futurum.
479 731 579 816 Quae
593 752 695 818 quam
712 729 844 798 diversa
861 731 939 815 siut,
966 730 1125 796 facillima
1141 730 1286 822 intelligi

174 843 288 928 potest
304 858 347 904 ex
360 836 417 922 iis,
443 825 580 924 quaein
598 842 744 922 utroque
756 854 884 925 genere
902 831 1060 900 adiuncta
1076 834 1286 924 cogitantur:

174 941 208 1007 in
231 939 306 1026 illo,
339 936 384 1033 ἤν
411 964 447 1010 τι
472 931 535 1018 urit
556 932 653 1031 ἁφῇ,
683 935 717 1004 εἰ
742 936 832 1028 quid
850 936 959 1030 sorte
979 958 1053 1004 uox
1073 936 1286 1028 reliquerit:

164 1040 336 1135 forsitan
360 1040 539 1131 relinquet
560 1038 719 1130 aliquid,
735 1037 908 1133 sorsitou
929 1061 1002 1108 ποτε
1021 1039 1200 1130 relinquet
1207 1067 1220 1122 ;
1250 1040 1287 1108 in

174 1145 260 1230 hoc,
287 1146 324 1216 εἴ
341 1171 377 1216 τι
400 1137 463 1225 νέξ
485 1139 580 1239 ἀφῇ,
606 1142 638 1210 εἰ
654 1141 742 1233 quid
756 1165 830 1211 uox
844 1142 1054 1235 reliquerit:
1079 1143 1141 1212 viu
1161 1152 1287 1213 autem

175 1248 364 1338 relinquet.
416 1246 522 1335 Atqui
548 1245 616 1312 hoo
636 1245 747 1337 ipsum
771 1245 884 1314 dicere
904 1248 1011 1314 voluit
1029 1248 1092 1313 isto
1116 1247 1194 1313 loco
1214 1246 1286 1317 Su

96 1390 99 1396 ·
174 1350 334 1444 phocles:
361 1371 404 1417 ex
416 1370 484 1438 quo
494 1357 659 1440 apparet,
685 1371 814 1417 errasse
830 1350 919 1418 viros
936 1350 1073 1436 doctos,
1099 1349 1157 1438 qui
1170 1350 1226 1418 vel
1242 1372 1286 1419 ex

176 1453 390 1537 coniectura,
415 1452 471 1520 vel
494 1473 536 1519 ex
558 1452 675 1542 paucis
699 1452 800 1520 codd.
822 1450 888 1550 ἦν,
915 1476 1003 1542 quae
1023 1453 1196 1521 Atticistae
1219 1453 1285 1520 ali-

175 1557 267 1625 cuius
289 1556 454 1636 correctio
471 1563 540 1644 est,
567 1564 799 1646 reposuerunt.
850 1555 1003 1648 Exposui
1018 1555 1103 1625 haec
1124 1556 1284 1624 enuclea-

174 1660 257 1741 tius,
289 1667 328 1727 ut
349 1659 512 1726 rationem
538 1657 729 1727 redderem.
781 1658 939 1744 Quodsi
964 1659 1037 1748 quis
1061 1660 1189 1727 mavult
1206 1659 1284 1750 ipso

174 1764 284 1830 statim
305 1785 405 1831 sensu
423 1761 505 1852 quid
526 1761 611 1828 inter
633 1770 810 1849 utramque
832 1763 1036 1830 locutionem
1057 1763 1184 1830 intersit
1202 1784 1284 1853 per·

175 1866 301 1956 cipere,
321 1867 349 1932 is
359 1865 551 1956 'meminerit
564 1865 601 1934 εἴ
609 1891 647 1934 τι
662 1857 724 1945 uir
738 1859 816 1959 αφῇ
828 1864 875 1931 sio
893 1888 967 1933 esse
989 1866 1285 1957 pronunciandum

174 1979 211 2035 ut
227 1973 258 2040 εἰ
271 1990 357 2035 voce
371 1969 535 2060 erigatur:
561 1964 655 2055 quod
673 1974 789 2032 contra
804 1964 847 2062 ἢν
859 1989 927 2035 non
940 1967 1153 2060 distinguitur
1166 1993 1187 2036 a
1202 1992 1284 2036 cae-

148 2075 155 2123 2
173 2072 253 2138 teris
267 2070 415 2138 vocibus.
450 2071 569 2159 Itaque
585 2068 685 2135 etiam
697 2069 816 2135 Latine
836 2071 865 2136 si
879 2079 1057 2160 utrumque
1069 2072 1188 2139 iisdem
1203 2094 1285 2140 ver·

171 2173 226 2240 bis
239 2182 366 2259 vertas,
390 2171 527 2263 siquid
546 2191 621 2239 uox
639 2170 846 2260 reliquerit,
871 2170 957 2239 illud
972 2173 1006 2240 ei
1027 2173 1053 2238 si
1069 2182 1120 2239 est
1133 2177 1181 2258 εἰ,
1208 2175 1285 2241 for-

173 2275 236 2341 tius
254 2283 305 2342 est
317 2274 625 2364 pronunciandum
650 2273 817 2340 remissius
830 2280 954 2357 autem,
976 2275 1004 2342 si
1019 2282 1070 2341 est
1086 2271 1138 2363 ἧν.
1171 2277 1286 2344 Inter·

174 2377 256 2444 dum
269 2375 406 2466 quidem
419 2401 486 2444 non
503 2377 646 2444 multum
662 2375 818 2462 interest,
846 2378 882 2447 εἰ
893 2400 938 2443 an
954 2375 998 2473 ἢν
1017 2375 1164 2465 dicatur,
1189 2386 1228 2445 ut
1248 2380 1285 2449 in

173 2480 231 2547 illo
260 2479 461 2571 SophocIiS‚
494 2477 621 2576 ὕβρις,
654 2480 690 2550 εἰ
710 2477 851 2551 πολλῶν
880 2475 1138 2575 οπερπλησθῇ,
1168 2480 1224 2548 vel
1247 2484 1284 2550 in

173 2583 407 2675 Xenophontis
427 2584 525 2668 loco,
550 2603 654 2671 quem
671 2580 770 2650 affert
782 2583 1036 2674 grammaticus,
1064 2583 1157 2650 cuius
1176 2584 1283 2653 verba

173 2686 399 2777 apposuimus.
450 2686 521 2754 Sed
551 2686 753 2776 plerumque
787 2693 900 2752 tamen
931 2685 979 2753 ibi
1008 2685 1222 2778 potissimum
1248 2690 1285 2761 εἰ

172 2787 371 2880 usurpatur,
404 2787 464 2854 ubi
492 2785 538 2884 ἢν
557 2810 625 2856 non
650 2797 768 2879 aptum
790 2796 851 2856 est
904 2787 950 2856 Vt
977 2789 1013 2855 in
1031 2788 1179 2858 Platonis
1202 2790 1281 2859 loeo

81 2954 84 2959 ι
173 2890 265 2982 apud
281 2890 438 2960 eumdem
456 2891 730 2983 grammaticum,
759 2891 833 2962 εἴτε
847 2917 903 2971 τις
923 2889 1038 2989 oi'q’p‘qu
1053 2893 1127 2964 εἴτε
1138 2919 1194 2972 τις
1207 2891 1280 2991 θῆ-
1299 2899 1303 2910 ’

172 2989 277 3089 λοςῇ.
328 2997 419 3064 Nam
438 2995 496 3085 qui
520 2995 721 3078 moriuntur,
746 2994 935 3062 necessario
952 3004 1010 3062 aut
1023 3017 1131 3064 mares
1150 3004 1208 3063 aut
1224 2996 1280 3064 fe-

172 3097 283 3165 minae
298 3106 384 3184 sunt,
409 3097 669 3187 necquidquam
684 3099 719 3164 in
735 3120 776 3164 ea
797 3119 835 3164 re
857 3097 984 3164 fortuiti
1005 3097 1100 3166 inest.
1152 3096 1281 3167 Contra

170 3200 375 3292 Xenophon.
393 3199 519 3291 Cyrop.
536 3201 596 3268 lIl.
613 3200 648 3289 3,
660 3199 719 3267 lu.
734 3201 797 3272 νῦν
812 3200 850 3271 δὲ
863 3201 1018 3292 ἴσονμὲν
1031 3202 1279 3274 ἐνεῖνοιέσον-

171 3330 254 3390 ται,
283 3301 326 3398 ἤν
341 3331 382 3375 τε
402 3297 536 3376 ἐνθάδε
550 3303 774 3394 ἐπιμένωμεν
792 3299 836 3397 ἤν
852 3329 893 3373 τε
907 3306 942 3380 ἐς
955 3297 1023 3395 τήν
1039 3301 1181 3375 ἐκείνων
1197 3297 1279 3376 ἰόν-

171 3430 229 3482 τες
244 3400 462 3495 ὑπαντῶμεν
478 3399 617 3483 αὐτοῖς·
644 3406 716 3476 ἴσοι
740 3404 778 3476 δὲ
797 3401 896 3498 ἠμεῖς
919 3401 1021 3484 ὄντες
1035 3399 1277 3498 μαχούμεθα,

171 3502 215 3601 ἢν
230 3533 271 3578 τε
286 3500 420 3579 ἐνθάδε
437 3499 604 3586 ἐπιόντας
618 3500 750 3586 αοτεος
764 3499 968 3596 δεχώμεθα,
996 3504 1039 3602 ἤν
1056 3534 1098 3578 τε
1114 3503 1176 3580 ἐπ’
1190 3507 1278 3581 iuci-

171 3634 253 3688 νοιις
276 3601 391 3689 ἰόντες
413 3602 481 3706 τήν
508 3602 627 3706 μάχην
655 3603 903 3700 συνάπτωμεν.
956 3611 1046 3678 Nam
1073 3609 1278 3680 intervenire

173 3719 287 3801 potest
311 3712 453 3802 aliquid,
485 3721 523 3778 ut
545 3736 612 3781 non
633 3722 805 3805 pugnetur
826 3712 972 3781 omnino.
1024 3713 1191 3783 Adiiciam
1214 3715 1279 3782 alia

92 3867 95 3870 .
172 3815 336 3906 exempla.
389 3816 557 3884 Homerus
570 3816 665 3887 lliad.
680 3845 713 3888 α.
730 3815 815 3883 340.
1266 3847 1269 3854 ·

767 3969 890 4040 εἴποτε
903 3963 940 4059 d’
957 3963 1045 4040 orire

272 4064 382 4164 χρειω
397 4075 496 4160 ἐμεῖο
511 4072 659 4170 γένηται
674 4067 797 4146 αἐιιιέα
811 4064 935 4164 λοιμον
952 4067 1094 4165 αμῦναι
1224 4104 1229 4112 ·

249 4253 250 4256 ¹
272 4178 348 4253 τοῖς
362 4171 491 4260 ἄλλοις.

169 4323 215 4394 Si
229 4326 376 4419 quaudo
390 4349 448 4398 rue
468 4327 690 4423 opuofuerit.
731 4308 881 4419 *Nempe
899 4327 961 4396 erit
976 4325 1157 4419 aliquando
1177 4348 1276 4419 opus.
