2842 4920
111 328 114 333 ’
148 360 215 423 affl
421 348 473 409 m
490 346 674 409 urnsvm
690 344 910 420 vrmvsqvu
928 340 978 409 ει.

316 533 404 614 Εἶτ’
420 533 488 627 οὐχ
504 534 652 609 ἅπαντα
668 531 881 635 πράττομεν
902 531 962 605 ιιαῖ
976 524 1137 626 δύομενς
1262 550 1266 557 ’

318 657 410 731 ὅπου
430 685 470 750 χο
486 662 562 736 τοῖς
579 661 678 736 θεοῖς
692 656 760 749 μέν
775 650 1024 752 ἠγορασμένον

318 775 488 872 δραχμοῖν
505 774 579 868 ἅχω
595 769 799 873 νιροβοῖνιον
814 769 1001 872 οῖχαπηιδν
1019 773 1124 860 δέκα,

319 893 535 994 αὐλητρίδας
549 896 588 968 δι’
602 894 662 966 ναὶ
682 889 803 991 μα’ρον
815 897 874 970 ναὶ
889 894 1086 992 ψαλτρίας,
1166 972 1171 983 ,

317 1017 526 1098 Μενδαῖον,
555 1007 712 1102 Θάσιον,
739 1017 911 1108 ἐγχέλεις,
936 1008 1070 1111 τυρόν,
1091 1010 1193 1103 μέλι·

319 1132 455 1229 μιιροιῖ
469 1126 651 1205 ταλάντου
663 1132 825 1227 χῖχνεται
845 1128 893 1209 vd
908 1128 1003 1206 νατσῖ
1018 1126 1136 1224 λόχον.

320 1250 490 1347 δραχμοῖν
506 1251 574 1343 μὲν
589 1248 734 1345 α’χαθόν
751 1252 850 1337 οῖειον
865 1260 989 1346 λαβεῖν
1006 1250 1090 1326 δέκα

318 1368 431 1469 ἡμεῖς,
458 1363 522 1443 cdv
537 1370 597 1442 ιιαῖ
613 1373 833 1470 καλλιερηθῇ
846 1378 922 1454 τοῖς
937 1376 1056 1452 θεοῖς·

320 1482 461 1563 τούτων
476 1488 514 1562 δὲ
527 1482 616 1587 νιρδς
629 1488 741 1564 ταῦτ’
756 1491 802 1566 οῖν
817 1496 910 1565 ἑλεῖν
924 1486 992 1588 τήν
1006 1487 1153 1586 ζημίαν,
1264 1520 1269 1528 ·

209 1610 260 1680 1⁰
318 1608 391 1689 παῖς
409 1605 491 1698 ου’χῖ
505 1603 552 1682 νδ
566 1603 676 1683 ναιδν
691 1610 764 1685 νεῖν
780 1611 885 1709 ῖεροῖν
903 1604 1111 1696 διπλάζεται
1117 1634 1132 1699 ‚·

321 1721 390 1821 tyto*
403 1728 473 1821 μέν
488 1724 554 1801 οὖν
570 1727 620 1803 νῖν
636 1756 676 1822 χι
691 1724 777 1811 θεὸς
793 1727 857 1802 ουίι
872 1733 977 1802 εἴασα
989 1722 1057 1824 τήν

320 1842 438 1943 σ’σφδν
453 1847 498 1920 οῖν
514 1846 571 1921 ἐπὶ
585 1842 651 1922 cdv
663 1843 790 1943 βωμδν
812 1847 995 1923 ἐπιθεῖναί
1009 1872 1122 1936 ποτε,

324 1970 358 2040 εἰ
368 1960 422 2063 μή
435 1964 628 2064 ιαδήχιζέν
642 1996 697 2049 τις
717 1966 796 2062 ἅμα
816 1963 884 2059 τήν
898 1968 1059 2062 ἔγχελυν,

321 2092 380 2161 ἴνα
389 2091 627 2183 Καλλιμέδων
644 2082 828 2163 ἀπέθανον
843 2088 892 2169 εἷς
905 2087 978 2161 σοῖν
993 2082 1180 2181 σαχχενοῖν.

158 2273 214 2341 Sic
238 2271 338 2338 editio
365 2274 543 2343 Diudorfii.
570 2296 579 2323 ¹
604 2272 737 2338 Priores
771 2294 830 2338 sex
861 2296 976 2340 versus
1009 2273 1119 2339 attulit
1148 2268 1259 2338 Athe·

157 2397 259 2442 naeus
295 2375 394 2442 etiam
420 2376 477 2442 lV.
513 2397 595 2466 pag.
619 2372 704 2440 146.
732 2373 775 2441 D.
810 2373 869 2441 ubi
900 2398 931 2441 v.
956 2375 990 2442 1.
1017 2385 1110 2442 recte
1135 2374 1258 2464 legitur

158 2475 272 2569 ὅμοια
301 2501 365 2568 pro
400 2475 567 2566 ἅπαντα,
603 2499 633 2548 v.
663 2473 698 2543 5.
744 2485 856 2544 autem
891 2472 1027 2558 ταύτας
1056 2498 1122 2569 pro
1154 2478 1258 2548 Μεν-

158 2582 278 2667 δαῖον,
312 2590 347 2648 et
370 2604 401 2648 v.
429 2578 464 2650 (i.
490 2582 525 2647 in
552 2579 626 2647 cod
653 2579 724 2646 Pal.
752 2579 804 2647 ed.
830 2581 983 2673 principe
1016 2590 1049 2646 et
1083 2579 1260 2648 Casaubo-

157 2684 259 2773 niana¹
280 2677 481 2771 τάλαντον,
507 2682 600 2772 quod
626 2681 727 2748 iidem
754 2683 829 2749 libri
853 2684 952 2750 etiam
975 2684 1009 2749 in
1026 2684 1131 2750 altero
1148 2681 1260 2748 Athe-

51 2804 54 2809 ·
156 2786 233 2852 naei
272 2786 349 2852 loco
389 2785 571 2876 praebent,
615 2784 649 2851 in
682 2806 750 2873 quo
783 2784 902 2875 reliqui
938 2808 1049 2853 versus
1091 2808 1160 2853 non
1195 2785 1260 2851 alia

159 2910 236 2969 cum
269 2888 428 2955 varietate
458 2890 643 2979 scripturae
677 2897 820 2974 exstant,
854 2911 956 2978 quam
984 2888 1078 2978 quod
1102 2912 1133 2955 v.
1156 2884 1191 2956 7.
1214 2888 1261 2953 illi

60 3078 64 3085 Ι
159 3012 243 3080 quos
270 2989 338 3056 dixi
362 2991 439 3058 libri
467 2987 618 3083 οῖχαθοῖν
644 2993 828 3081 praebent,
857 3013 887 3058 v.
910 2990 944 3058 8.
970 2991 1030 3062 ιαῖ
1062 3014 1104 3058 ex
1129 2991 1260 3081 optimo

160 3093 235 3160 cod
256 3093 341 3160 Ven.
366 3094 522 3179 accessit,
555 3116 586 3160 v.
608 3092 668 3160 ll.
694 3095 729 3160 in
755 3094 979 3162 Laurentiano
1011 3092 1060 3164 οῖν
1086 3094 1199 3179 deest,
1227 3101 1261 3160 et

158 3218 190 3263 v.
207 3194 266 3265 13.
294 3195 347 3266 ed.
374 3197 532 3287 princeps
560 3204 593 3262 et
615 3194 869 3264 Casauboniana
895 3194 973 3287 ἅμα
995 3196 1055 3267 καῖ
1071 3189 1138 3287 τήν
1155 3197 1262 3286 ἔχχο-

160 3301 222 3368 λον
248 3296 383 3365 habent.
442 3298 623 3365 infeliciter
652 3301 804 3366 tractavit
832 3299 896 3367 hos
923 3322 1035 3366 versus
1063 3298 1200 3365 Grotius
1227 3299 1261 3365 in

159 3399 337 3491 Excerptis
363 3423 397 3492 p.
423 3397 508 3468 733.
539 3424 602 3468 nec
630 3402 832 3490 quidquam,
871 3401 964 3490 quod
992 3400 1092 3468 laude
1120 3401 1262 3492 dignum

161 3503 219 3583 sit,
255 3528 275 3571 a
301 3524 471 3592 quoquam
498 3505 633 3571 allatum
663 3505 779 3591 video,
811 3515 1049 3595 praeterquam
1074 3527 1105 3573 v.
1128 3503 1189 3573 11.
1216 3504 1260 3571 ab

160 3605 312 3697 Reisigio
339 3603 387 3676 οῖν
412 3602 486 3697 χὀ”
511 3600 605 3685 θεός.
663 3608 701 3675 ln
730 3609 844 3697 quinto
868 3607 1003 3696 quidem
1024 3618 1129 3674 versu¹
1153 3604 1262 3673 dubi-

161 3709 224 3774 tari
256 3731 325 3775 non
356 3716 486 3797 potest,
519 3709 601 3798 quin
633 3719 666 3776 et
700 3705 836 3790 ταύτας
868 3720 902 3776 et
926 3711 1116 3782 Μενδαῖον
1144 3709 1262 3799 inepta

161 3811 225 3877 sint
256 3811 501 3900 supplementa.
557 3812 752 3900 Requiritur
787 3813 874 3880 enim
905 3813 1093 3879 necessario
1120 3813 1262 3902 partici-

161 3913 256 4002 pium
284 3935 364 3978 casu
397 3912 527 3999 dativo,
558 3914 593 3980 in
625 3937 694 4003 quo
720 3924 832 3983 tamen
856 3915 1054 3983 inveniendo
1080 3937 1149 3980 non
1174 3914 1263 3981 ultra

162 4013 413 4081 hariolationem
443 4017 606 4108 progredi
637 4019 725 4086 licet.
776 4017 924 4104 Deinde,
959 4019 1021 4085 nisi
1051 4026 1127 4083 ante
1154 4017 1262 4108 septi-

163 4138 255 4182 mum
289 4139 423 4184 versum
457 4120 578 4186 excidit
608 4120 724 4210 aliquis
756 4143 888 4205 versuS,
929 4121 1034 4188 verbo
1065 4141 1151 4210 opus
1186 4140 1262 4186 esse

163 4228 276 4308 patet,
302 4241 344 4286 ex
369 4241 437 4307 quo
457 4224 513 4310 qui
540 4233 722 4312 sequuntur
744 4223 892 4291 infinitivi
916 4222 1102 4314 pendeant,
1130 4222 1157 4289 si
1183 4223 1261 4313 qui-

164 4319 243 4388 dem
269 4330 387 4413 aperte
411 4323 483 4404 νισῖς
515 4321 595 4416 ου’χλ
619 4325 784 4420 apodusiu
814 4327 939 4420 incipit.
998 4326 1054 4397 Ab
1076 4325 1157 4395 noni
1181 4347 1260 4395 ver-
