2842 4920
426 379 511 442 LlB.
535 379 559 441 l.
605 378 704 439 CAP·
727 381 777 443 lo.
799 382 850 443 ll.
1164 382 1208 449 ot

88 573 179 643 dicta
196 579 292 656 sunt,
318 570 398 662 quia
412 571 504 639 nulla
520 577 571 640 cst
591 571 738 639 conditio
753 593 823 639 non
841 570 982 663 impleta
995 571 1030 638 iu
1046 570 1205 663 primaria

89 676 253 746 sententia
270 669 392 748 δεινόν
406 679 516 749 ἐστιν.
550 673 630 743 Ηοο
649 683 759 743 autem
774 678 809 747 εἰ
820 667 1044 771 παρειχόμην
1061 672 1121 764 ἄν,
1147 677 1205 744 ubi

89 803 159 850 non
175 786 272 847 recte
295 802 316 845 a
340 777 502 846 Bclrlrero
521 800 598 846 cunr
620 778 753 846 duobus
776 776 875 845 codd.
901 779 1059 845 omissum
1076 789 1127 847 est
1147 778 1203 859 ἄν,

89 892 276 977 propterea
297 881 424 950 dictum
449 890 518 969 est,
544 882 623 971 quia
646 881 820 972 duplicem
841 879 947 948 habet
970 881 1204 953 conditionem.

91 989 220 1057 Sensus
240 985 298 1052 hic
324 994 389 1054 est:
424 986 564 1054 molum
582 1006 688 1075 vero,
715 985 748 1054 εἱ
772 984 883 1052 iidem
905 992 1016 1054 testea
1029 1006 1105 1077 pro
1132 986 1206 1056 illio

92 1097 271 1161 testantes
282 1087 372 1184 fide
387 1090 495 1182 digni
515 1098 650 1170 cenent,
670 1111 746 1181 pro
771 1111 828 1157 me
850 1096 972 1156 antem
992 1089 1134 1157 nullam
1145 1089 1206 1185 fi-

94 1196 179 1263 dem
203 1189 404 1274 habebunt3
442 1201 493 1278 et,
526 1193 571 1262 ω’Ι
584 1193 727 1261 omnino
751 1215 822 1260 non
854 1188 1050 1287 affuissent
1085 1202 1206 1278 testeo,

93 1320 165 1392 ego
190 1305 313 1365 antem
342 1295 569 1366 exhibiturus
587 1295 765 1388 salomo,
798 1295 876 1385 vel,
912 1297 973 1387 qui
1000 1294 1206 1393 affuissent,

94 1424 165 1470 non
187 1398 445 1487 exhibuissem,
472 1401 539 1469 ced
552 1400 664 1484 alios,
691 1401 855 1493 ipsorum
875 1398 981 1468 diota
995 1402 1084 1492 plus
1092 1400 1206 1496 fidei,

97 1527 207 1597 quum
227 1502 298 1572 mei
323 1512 450 1589 tentes,
482 1501 704 1573 habuissent.
757 1503 859 1572 Adde
889 1504 1115 1572 conditionem
1140 1528 1207 1573 non

95 1609 267 1736 impletam
284 1608 462 1735 principali
483 1608 684 1695 sententiae,
712 1614 746 1676 et
763 1605 918 1673 videbis
908 1615 955 1672 rta
977 1606 1043 1673 dici
1063 1606 1207 1678 debere:
1234 1685 1241 1697 .

97 1711 218 1784 καίτοι
235 1704 401 1783 δεινόν
376 1738 422 1783 αν
438 1708 501 1809 ἦν,
529 1712 565 1781 εἰ
576 1716 612 1782 οἱ
630 1705 738 1782 αὐτοὶ
751 1701 935 1832 μα’ρτορες
949 1704 1095 1790 τούτοις
1110 1737 1208 1806 μαρ-
1205 1789 1211 1798 ,

97 1813 291 1936 τυροῦντες
312 1813 437 1887 πιοτοὶ
464 1810 582 1936 ἦσανὐ
602 1811 735 1885 ιιαὶ-
766 1805 909 1891 εἰκότως
929 1817 966 1885 οἱ
987 1806 1128 1884 τούτων
1150 1808 1209 1886 λό-

98 1944 155 2010 γοι
176 1909 390 2009 πιστότεροι
413 1913 506 2015 ἦσαν
529 1916 603 1989 τοῖν
626 1915 722 2008 ἐμῶν
746 1907 954 2010 μαρτύρων.
1007 1916 1097 1983 Ηίοο
1117 1915 1208 1984 iudi-

100 2019 299 2110 oaripoterit
313 2018 357 2089 de
372 2021 449 2089 loco
464 2019 702 2088 Demosthenis
718 2017 763 2086 de
780 2039 849 2085 cor.
845 2040 901 2140 p.
917 2015 1003 2106 260,
1029 2018 1063 2085 l.
1079 2019 1139 2090 ιιαὶ
1156 2018 1210 2102 τίς

100 2119 162 2196 oda
177 2122 224 2195 οἲν
243 2118 435 2197 α’πέιιττινέ
444 2152 493 2215 με
508 2121 671 2213 δικαίως,
698 2123 784 2194 εἴτι
807 2120 881 2193 τοῖν
902 2114 1141 2251 ὑπαρχόντων
1162 2121 1210 2220 τῇ

99 2219 202 2299 πόλει
235 2225 354 2300 ναλων
393 2220 484 2321 λόγῳ
523 2222 641 2319 μόνον
683 2218 939 2315 ιιαταιοχόνοιν
978 2224 1210 2323 ἐπεχείρησας

100 2326 210 2398 codd.
228 2329 407 2419 quidam
389 2327 602 2426 επεχτιρηοα
623 2325 679 2401 ἄν
733 2327 805 2396 Sed
824 2336 916 2396 recte
932 2328 1088 2396 omittunt
1102 2331 1212 2421 parti·

100 2432 211 2502 culam
229 2431 285 2500 alii
302 2431 401 2501 codd
419 2439 454 2502 et
473 2432 673 2501 Plutarchus
697 2454 732 2523 p.
754 2426 840 2499 542.
860 2432 902 2503 Α.
954 2431 1090 2500 Tertius
1112 2431 1211 2501 deni-

100 2559 165 2627 que
177 2534 319 2623 modus,
345 2559 414 2627 quo
437 2535 482 2609 οἲν
502 2536 654 2623 additur,
675 2535 702 2602 is
722 2542 789 2621 est,
816 2556 921 2623 quum
941 2535 977 2601 in
997 2534 1148 2602 oratione
1169 2558 1212 2606 ex

99 2640 253 2733 pluribus
273 2641 432 2709 membris
464 2640 668 2732 composita,
700 2637 887 2730 praecessit
911 2639 1072 2705 sententia
1095 2660 1211 2708 carens

100 2743 292 2812 conditione
306 2766 375 2812 non
394 2744 550 2835 impleta,
575 2743 654 2810 licet
676 2741 842 2810 eiusmodi
856 2742 1003 2809 conditio
1019 2742 1053 2808 in
1075 2750 1212 2811 senten·

100 2844 144 2915 tia
163 2847 342 2940 principali
364 2848 451 2916 insit.
503 2849 593 2915 Nam
615 2869 683 2914 non
698 2854 815 2937 posset
834 2846 991 2938 intelligi,
1019 2845 1064 2913 dc
1086 2869 1125 2915 re
1144 2868 1213 2914 non

101 2973 198 3037 vera,
224 2949 285 3019 sed
307 2951 455 3043 cogitata
478 2972 667 3019 sermonem
690 2972 780 3033 esse,
817 2949 844 3015 si
869 2948 1111 3040 praecedentia
1139 2972 1214 3017 rem

101 3055 228 3122 luctam
253 3055 431 3122 continent.
484 3048 967 3176 Aeschinesc.*'l”1march..p
990 3048 1217 3176 1(ι”ι.(329.ι

102 3153 137 3252 ᾗ.
160 3152 221 3227 85.
239 3155 369 3249 Belca)
397 3153 530 3230 ουίιοῦν
551 3152 692 3227 ἄτοπον
711 3151 757 3224 ἄν
778 3152 856 3247 εἴη,
883 3178 910 3223 ω
933 3147 1153 3246 Ἀθηναῖοι,
1182 3155 1217 3225 εἰ

101 3259 213 3359 μηδὲν
232 3259 340 3353 μὲν
322 3259 415 3352 εμοῦ
421 3262 623 3384 λέγοντος,
655 3251 761 3328 αὐτοὶ
781 3254 897 3349 βοᾶτε
915 3281 983 3351 την
1006 3252 1215 3346 ἐπωνυμίαν

101 3391 175 3437 των
192 3363 305 3459 ἔργων
320 3360 370 3437 ὦν
387 3357 532 3437 σύνιστε
546 3354 685 3456 τούτῳ,
709 3362 801 3488 ἔριον
787 3358 855 3431 δε
870 3359 1036 3487 λέγοντος
1051 3358 1215 3481 ἐπιλέλη-

103 3476 192 3539 σθε·
219 3464 278 3538 nol
302 3459 356 3563 μή
381 3467 572 3590 γενομένης
593 3464 661 3557 μὲν
678 3462 823 3559 κρίσεως
843 3461 927 3558 περὶ
954 3459 1025 3533 τοῦ
1045 3454 1217 3558 πρόγμα-
1237 3461 1239 3467 ’

102 3595 177 3658 τος,
205 3564 323 3664 ἥλω
297 3596 357 3657 αν,
383 3562 575 3663 γεγονότος
592 3566 630 3640 δὲ
646 3567 790 3658 ελέγχοο
808 3556 1074 3659 οἰποφεόξεται,·
1099 3565 1215 3656 Aper-

102 3680 173 3739 tum
196 3680 264 3758 est,
290 3695 318 3740 ει
306 3672 392 3740 hic
416 3668 601 3740 abesset*
575 3697 642 3759 αν,
670 3692 804 3738 sensum
821 3669 915 3756 fore,
941 3667 974 3738 εἰ
997 3667 1057 3737 ato
1079 3689 1217 3738 οοαεεο

104 3775 256 3865 cecidit,
281 3797 368 3866 non,
393 3798 426 3846 ει
418 3775 646 3847 cecidisset.

632 3979 692 4048 Xl.

228 4132 295 4204 De
316 4132 488 4204 ονπὶεοο
506 4131 769 4228 particula
795 4131 848 4204 ἄν
873 4128 1095 4200 univerae.

206 4287 246 4354 ln
261 4288 432 4357 communi
446 4288 647 4379 scriptorum
658 4309 721 4354 usu
736 4286 842 4354 multo
858 4282 991 4376 saepius
1010 4281 1131 4348 omissa
1138 4298 1220 4369 par-

106 4389 207 4459 ticula
223 4389 271 4465 οἲν
291 4391 535 4461 dubitationem
548 4392 704 4461 excitavit
718 4391 795 4460 viris
815 4388 936 4473 doctia
963 4406 1065 4476 qnam
1081 4382 1222 4463 adiecta,
