2842 4920
175 339 245 404 206
546 336 920 400 uuuuutulouus

177 538 279 618 atque
297 525 419 595 inutilis
439 527 536 595 iacet.
588 527 635 594 At
653 527 822 596 enimvero
843 525 887 594 de
903 532 974 593 arte
992 524 1107 592 critica
1130 534 1200 593 tam
1216 525 1289 595 dis-

178 641 354 723 crepantes
368 639 443 697 sunt
456 630 629 698 hominum
645 624 841 717 sententiae,
868 652 970 718 qnam
985 629 1030 697 de
1044 637 1116 696 arte
1131 629 1290 698 medico-

177 759 261 803 rum.
315 733 477 801 Simillimi
500 734 588 801 enim
605 741 680 801 sunt
704 733 807 800 critici
823 732 980 819 medicis,
1007 755 1047 799 ae
1067 733 1181 824 potius
1205 733 1290 801 nihil

178 839 275 906 abiis
297 835 475 923 differunt,
501 837 563 904 nisi
585 835 678 924 quod
698 837 841 927 scripta,
866 836 914 903 illi
934 843 1048 902 autem
1066 857 1213 927 corpora
1229 858 1290 904 eu·

177 950 262 1012 rant.
314 938 360 1006 Vt
379 939 441 1007 illis
457 947 490 1006 et
506 939 821 1031 cognoscendorum
838 939 1034 1006 morborum
1050 938 1187 1006 scientia
1200 932 1290 1030 opus'

181 1055 246 1132 est,
275 1065 377 1132 quam
396 1036 634 1138 σημειωτικὴν
661 1043 853 1134 appellant;
885 1051 920 1109 et
940 1064 1069 1128 rerum,
1101 1042 1223 1132 quibus
1244 1041 1290 1110 ad

181 1146 386 1215 medendum
407 1153 541 1212 utantur
565 1146 775 1236 cognitione,
808 1167 909 1235 quam
932 1142 1019 1240 ὕλην
1040 1138 1207 1242 ἰατρικήν
1234 1144 1290 1214 di-

105 1240 108 1244 ‘
183 1260 278 1331 cnnt3
316 1257 351 1315 et
378 1248 690 1340 componendorum
716 1247 1038 1317 medicamentorum
1062 1255 1152 1334 arte,
1184 1271 1290 1339 quam

157 1344 487 1448 4φαρμακευτικὴν
504 1361 649 1442 voeant‚·
673 1361 707 1420 et
723 1353 949 1422 curandomm
963 1359 1180 1442 aegrotorum
1192 1352 1291 1444 peri-

181 1456 245 1542 tia,
272 1476 374 1543 quam
395 1454 566 1521 nominant
590 1448 873 1551 θεραπευτικήνι
899 1455 946 1522 sic
962 1453 1000 1520 hi
1021 1463 1056 1521 et
1077 1455 1289 1545 corruptela-

126 1552 129 1576 '
180 1581 255 1625 rum
268 1558 375 1624 varias
390 1556 516 1624 formas
533 1580 733 1647 caussasque
752 1558 969 1650 cognovisse,
995 1568 1030 1625 et
1045 1580 1132 1645 quae
1153 1557 1219 1624 sint
1235 1568 1290 1626 at-

182 1684 249 1751 que
268 1660 358 1728 unde
375 1658 526 1750 peteuda
543 1661 699 1728 vitiorum
717 1661 868 1729 remedia
881 1670 1017 1747 tenere,
1043 1669 1078 1727 et
1092 1660 1217 1728 horum
1231 1684 1290 1730 re·

181 1763 369 1832 mediorum
393 1786 481 1853 quae
501 1774 769 1855 temperamenta
791 1766 855 1833 sint
877 1762 1072 1832 adhibenda
1090 1762 1289 1856 intelligere,

181 1877 216 1936 et
232 1873 392 1958 corrupta
411 1866 559 1957 deniqne
571 1890 639 1956 qua
658 1867 787 1936 ratione
802 1866 951 1936 sananda
971 1868 1035 1936 sint
1051 1866 1136 1935 scire
1151 1866 1289 1937 debere

178 1970 228 2038 'Vt
246 1969 370 2038 medici
385 1969 440 2037 alii
465 1969 510 2037 ad
527 1971 693 2040 urendum
708 1981 742 2039 et
764 1970 948 2040 secandum
962 1969 1082 2061 proni,
1109 1970 1165 2038 alii
1179 1971 1291 2040 timidi

181 2080 217 2142 et
228 2074 283 2143 vel
299 2071 343 2140 ad
359 2073 469 2141 levem
484 2072 709 2143 infirmitatem
722 2075 845 2164 trepidi
865 2083 957 2160 sunt,
982 2074 1029 2140 sic
1046 2075 1147 2142 etiam
1161 2096 1204 2143 ex
1221 2074 1290 2143 cri·

66 2240 71 2249 .
180 2176 253 2244 ticis
268 2176 324 2242 alii
338 2176 499 2242 violentas
518 2199 633 2244 manns
649 2176 814 2263 inliciunt,
840 2199 883 2244 ne
899 2177 1034 2244 sinceris
1052 2176 1192 2265 quidem
1205 2200 1289 2270 par-
1327 2178 1328 2183 ’

181 2287 295 2348 centes
311 2303 322 2360 ;
348 2277 403 2345 alii
421 2276 477 2343 vix
499 2280 643 2346 tremulo
659 2277 754 2370 digiti
774 2286 865 2347 tactu
886 2287 1064 2346 attrectare
1079 2279 1208 2348 affecta
1227 2303 1289 2351 uu-

181 2381 272 2450 dent
323 2380 370 2447 vt
390 2379 610 2449 medicinam
630 2382 777 2472 aliquem
797 2381 928 2474 penitus
949 2392 1082 2466 sanant,
1107 2382 1290 2472 aliquanto

181 2485 281 2554 etiam
304 2483 516 2568 interficiunt,
542 2486 604 2552 arti
621 2485 789 2553 victimam
804 2485 952 2552 oblatam
972 2484 1137 2553 dieentes:
1163 2487 1214 2555 sic
1233 2487 1290 2578 qui

181 2587 485 2678 scriptorem‚'nisi
504 2587 594 2656 sorte
608 2589 703 2657 unius
725 2589 882 2680 pagellae
900 2589 1044 2656 terminis
1060 2590 1290 2679 comprehen-

181 2714 265 2776 sum,
291 2692 324 2758 in
338 2692 507 2782 integrum
525 2692 704 2760 restitnerit
723 2693 864 2777 criticae,
890 2691 1040 2760 nondum
1058 2701 1213 2784 repertus
1229 2701 1290 2781 est,

182 2794 376 2862 exstiterunt
389 2802 517 2879 autem,
543 2795 602 2883 qui
615 2804 810 2864 necatorum
828 2796 871 2863 ab
889 2818 925 2862 se
943 2794 1146 2885 scriptorum
1164 2819 1290 2890 magna

182 2897 364 2983 cadauera,
390 2905 496 2965 artem
516 2921 610 2966 snam
627 2899 805 2987 iactantes,
832 2898 971 2989 publice
984 2908 1200 2989 exponerent
1244 2899 1291 2968 vt

181 2999 392 3068 medicorum
408 3000 564 3089 quidam,
591 3000 717 3092 aliquid
738 3003 855 3070 saltem
878 3001 922 3070 de
946 3002 1057 3069 multis
1075 3003 1290 3092 profuturum

183 3105 263 3191 rati,
289 3103 448 3172 mixturas
471 3127 513 3172 ex
529 3106 621 3172 omni
641 3128 767 3198 genere
782 3105 983 3195 herbarum,
1008 3105 1183 3191 radicum,
1211 3129 1289 3174 eor-

183 3208 306 3291 ticum,
332 3208 544 3276 metallorum
562 3215 752 3276 ‘concoctae
780 3210 965 3299 praebent3
997 3206 1136 3296 quidam
1163 3217 1288 3296 autem,

103 3383 112 3391 ,
181 3310 463 3401 sivedisciplinae
477 3311 545 3377 sive
558 3311 681 3402 ingenii
694 3312 784 3397 vitio,
808 3333 974 3402 panaceas
993 3297 1174 3394 venditant,
1198 3335 1287 3380 una-

181 3434 253 3501 que
266 3435 285 3479 e
298 3412 425 3502 pyxide
439 3414 586 3480 omnium
594 3413 798 3504 depromunt
805 3415 1000 3482 morbormn
1013 3414 1181 3498 remedia3
1199 3416 1286 3506 qni-

185 3515 266 3583 dam
285 3536 366 3582 vero
379 3516 517 3606 magicis
537 3517 661 3584 artibus
677 3527 712 3584 et
731 3517 890 3585 credendi
911 3516 1035 3585 fidncia
1053 3517 1187 3586 divinae
1209 3519 1286 3610 opis

185 3617 346 3687 miracula
359 3618 403 3685 de
417 3619 513 3686 caelo
528 3619 712 3688 devocant:
738 3621 785 3688 sic
800 3622 930 3688 etiame
944 3621 1135 3688 criticorum
1147 3643 1288 3690 numero

183 3721 347 3803 nonnulli,
375 3745 442 3811 quo
456 3724 599 3813 penitius
615 3723 738 3792 menda
752 3725 951 3816 exstirpent,
977 3725 1123 3814 aliquam
1143 3720 1307 3798 dorlon·-

184 3850 250 3896 τον
272 3825 637 3919 ἑκατονταμίγματον
667 3827 866 3910 admovent3
903 3828 958 3896 alii
976 3839 1093 3896 contra
1116 3850 1192 3896 snas
1213 3828 1289 3895 lan-

145 3958 155 3979 s
184 3926 266 3994 dant
284 3928 485 3998 universales
499 3930 699 4018 medicinasj
723 3932 777 3998 vel
790 3930 1080 4025 transpositionem
1095 3931 1288 4016 verborum,

184 4030 240 4096 vel
261 4030 458 4100 eiectionem
480 4033 868 4125 interpretamentorurn‚
900 4035 956 4103 vel
980 4033 1290 4127 palaeographicae

185 4133 380 4200 curiositatis
407 4146 612 4227 praepotens
640 4137 842 4222 theriacum,
876 4138 929 4204 vel
950 4139 978 4204 si
999 4136 1082 4227 quid
1108 4137 1201 4204 aliud
1227 4137 1289 4205 ali-

186 4236 478 4324 quandosalutare
493 4238 595 4307 fnisse
611 4241 845 4332 cognoverint3
873 4241 927 4308 alii
942 4239 1098 4329 deniqne,
1123 4241 1207 4308 belli
1221 4240 1288 4308 ho-

185 4339 289 4407 mines
307 4348 342 4407 et
362 4363 439 4408 cum
455 4342 575 4435 lepore
593 4343 742 4432 quodam
762 4343 986 4431 daemoniaci,
1013 4365 1197 4436 operosum
1215 4331 1288 4412 me·
