<?xml version="1.0" encoding="UTF-8"?>
<!DOCTYPE html PUBLIC "-//W3C//DTD XHTML 1.0 Transitional//EN"
    "http://www.w3.org/TR/xhtml1/DTD/xhtml1-transitional.dtd">
<html xmlns="http://www.w3.org/1999/xhtml" xml:lang="en" lang="en">
 <head>
  <title>
</title>
<meta http-equiv="Content-Type" content="text/html;charset=utf-8" />
  <meta name='ocr-system' content='tesseract 3.04.00' />
  <meta name='ocr-capabilities' content='ocr_page ocr_carea ocr_par ocr_line ocrx_word'/>
</head>
<body>
  <div class='ocr_page' id='page_1' title='image "./opuscula00hermgoog_0363.png"; bbox 0 0 2842 4920; ppageno 0'>
   <div class='ocr_carea' id='block_1_1' title="bbox 235 358 1215 457">
    <p class='ocr_par' dir='ltr' id='par_1_1' title="bbox 235 358 1215 457">
     <span class='ocr_line' id='line_1_1' title="bbox 235 358 1215 457; baseline 0.009 -36"><span class='ocrx_word' id='word_1_1' title='bbox 235 359 388 424; x_wconf 74' lang='lat' dir='ltr'><strong>SEPTEM</strong></span> <span class='ocrx_word' id='word_1_2' title='bbox 413 358 565 437; x_wconf 70' lang='lat' dir='ltr'><strong>arma</strong></span> <span class='ocrx_word' id='word_1_3' title='bbox 593 358 745 423; x_wconf 81' lang='lat' dir='ltr'>OPERTA</span> <span class='ocrx_word' id='word_1_4' title='bbox 765 362 823 422; x_wconf 82' lang='grc' dir='ltr'><strong>ΔΡ.</strong></span> <span class='ocrx_word' id='word_1_5' title='bbox 842 362 1085 430; x_wconf 76' lang='lat' dir='ltr'><strong>snscHrtvrl.</strong></span> <span class='ocrx_word' id='word_1_6' title='bbox 1113 436 1123 457; x_wconf 28' lang='grc' dir='ltr'><strong>,ι</strong></span> <span class='ocrx_word' id='word_1_7' title='bbox 1149 374 1215 439; x_wconf 68' lang='grc'><strong>889</strong></span> 
     </span>
    </p>
   </div>
   <div class='ocr_carea' id='block_1_2' title="bbox 630 598 687 666">
    <p class='ocr_par' dir='ltr' id='par_1_2' title="bbox 630 598 687 666">
     <span class='ocr_line' id='line_1_2' title="bbox 630 598 687 666; baseline 0 0"><span class='ocrx_word' id='word_1_8' title='bbox 630 598 687 666; x_wconf 86' lang='lat' dir='ltr'><strong>vl.</strong></span> 
     </span>
    </p>
   </div>
   <div class='ocr_carea' id='block_1_3' title="bbox 103 749 1211 1049">
    <p class='ocr_par' dir='ltr' id='par_1_3' title="bbox 103 749 1211 1049">
     <span class='ocr_line' id='line_1_3' title="bbox 208 749 1211 849; baseline 0.008 -28"><span class='ocrx_word' id='word_1_9' title='bbox 208 752 310 821; x_wconf 84' lang='lat' dir='ltr'><strong>Levis</strong></span> <span class='ocrx_word' id='word_1_10' title='bbox 326 759 388 838; x_wconf 82' lang='lat' dir='ltr'><strong>est,</strong></span> <span class='ocrx_word' id='word_1_11' title='bbox 413 750 475 818; x_wconf 88' lang='lat' dir='ltr'><strong>sed</strong></span> <span class='ocrx_word' id='word_1_12' title='bbox 488 771 530 817; x_wconf 88' lang='lat' dir='ltr'><strong>eo</strong></span> <span class='ocrx_word' id='word_1_13' title='bbox 546 749 591 817; x_wconf 89' lang='lat' dir='ltr'><strong>ad</strong></span> <span class='ocrx_word' id='word_1_14' title='bbox 607 750 788 820; x_wconf 86' lang='lat' dir='ltr'><strong>eluendum</strong></span> <span class='ocrx_word' id='word_1_15' title='bbox 803 753 932 822; x_wconf 77' lang='lat' dir='ltr'><strong>facilior</strong></span> <span class='ocrx_word' id='word_1_16' title='bbox 946 758 1096 838; x_wconf 85' lang='lat' dir='ltr'><strong>macula,</strong></span> <span class='ocrx_word' id='word_1_17' title='bbox 1122 782 1211 849; x_wconf 89' lang='lat' dir='ltr'><strong>quae</strong></span> 
     </span>
     <span class='ocr_line' id='line_1_4' title="bbox 103 852 1210 974; baseline 0.006 -48"><span class='ocrx_word' id='word_1_18' title='bbox 103 860 140 926; x_wconf 92' lang='lat' dir='ltr'><strong>in</strong></span> <span class='ocrx_word' id='word_1_19' title='bbox 158 856 212 926; x_wconf 87' lang='lat' dir='ltr'><strong>his</strong></span> <span class='ocrx_word' id='word_1_20' title='bbox 240 866 292 924; x_wconf 86' lang='lat' dir='ltr'><strong>est</strong></span> <span class='ocrx_word' id='word_1_21' title='bbox 311 852 538 974; x_wconf 80' lang='lat' dir='ltr'><strong>Eumenidum</strong></span> <span class='ocrx_word' id='word_1_22' title='bbox 559 855 725 939; x_wconf 86' lang='lat' dir='ltr'><strong>versibus,</strong></span> <span class='ocrx_word' id='word_1_23' title='bbox 752 855 840 929; x_wconf 78' lang='lat'><strong>461.</strong></span> <span class='ocrx_word' id='word_1_24' title='bbox 862 882 958 948; x_wconf 83' lang='lat' dir='ltr'><strong>seqq.</strong></span> <span class='ocrx_word' id='word_1_25' title='bbox 985 858 1044 928; x_wconf 91' lang='lat' dir='ltr'><strong>nbi</strong></span> <span class='ocrx_word' id='word_1_26' title='bbox 1071 858 1210 933; x_wconf 76' lang='lat' dir='ltr'><strong>Orestes</strong></span> 
     </span>
     <span class='ocr_line' id='line_1_5' title="bbox 104 957 646 1049; baseline -0.008 -21"><span class='ocrx_word' id='word_1_27' title='bbox 104 963 152 1029; x_wconf 87' lang='lat' dir='ltr'><strong>sio</strong></span> <span class='ocrx_word' id='word_1_28' title='bbox 175 960 220 1028; x_wconf 90' lang='lat' dir='ltr'><strong>de</strong></span> <span class='ocrx_word' id='word_1_29' title='bbox 237 958 343 1028; x_wconf 83' lang='lat' dir='ltr'><strong>caede</strong></span> <span class='ocrx_word' id='word_1_30' title='bbox 362 958 465 1049; x_wconf 86' lang='lat' dir='ltr'><strong>patris</strong></span> <span class='ocrx_word' id='word_1_31' title='bbox 484 957 646 1046; x_wconf 85' lang='lat' dir='ltr'><strong>loquitur:</strong></span> 
     </span>
    </p>
   </div>
   <div class='ocr_carea' id='block_1_4' title="bbox 257 1106 1051 1516">
    <p class='ocr_par' dir='ltr' id='par_1_4' title="bbox 257 1106 1040 1516">
     <span class='ocr_line' id='line_1_6' title="bbox 365 1106 985 1232; baseline 0.003 -48"><span class='ocrx_word' id='word_1_32' title='bbox 365 1107 473 1192; x_wconf 78' lang='grc' dir='ltr'><strong><em>οὗτος</em></strong></span> <span class='ocrx_word' id='word_1_33' title='bbox 495 1106 625 1232; x_wconf 81' lang='grc' dir='ltr'><strong>ἔφθιτ’</strong></span> <span class='ocrx_word' id='word_1_34' title='bbox 640 1137 684 1182; x_wconf 92' lang='grc' dir='ltr'><strong>ου</strong></span> <span class='ocrx_word' id='word_1_35' title='bbox 677 1106 835 1198; x_wconf 76' lang='grc' dir='ltr'><strong><em>’καλάς,</em></strong></span> <span class='ocrx_word' id='word_1_36' title='bbox 861 1106 985 1202; x_wconf 77' lang='grc' dir='ltr'><strong><em>μολάν</em></strong></span> 
     </span>
     <span class='ocr_line' id='line_1_7' title="bbox 260 1205 1001 1313; baseline -0.001 -24"><span class='ocrx_word' id='word_1_37' title='bbox 260 1220 295 1296; x_wconf 82' lang='grc' dir='ltr'><strong>ἐς</strong></span> <span class='ocrx_word' id='word_1_38' title='bbox 321 1210 439 1301; x_wconf 89' lang='grc' dir='ltr'><strong><em>οἷκον,</em></strong></span> <span class='ocrx_word' id='word_1_39' title='bbox 466 1205 559 1285; x_wconf 81' lang='grc' dir='ltr'><strong><em>άλλά</em></strong></span> <span class='ocrx_word' id='word_1_40' title='bbox 584 1239 642 1285; x_wconf 93' lang='grc' dir='ltr'><strong>νιν</strong></span> <span class='ocrx_word' id='word_1_41' title='bbox 667 1207 951 1310; x_wconf 80' lang='grc' dir='ltr'><strong><em>κτλαινάφραν’</em></strong></span> <span class='ocrx_word' id='word_1_42' title='bbox 932 1242 1001 1313; x_wconf 79' lang='grc' dir='ltr'><strong><em>τμη</em></strong></span> 
     </span>
     <span class='ocr_line' id='line_1_8' title="bbox 257 1310 1020 1440; baseline 0.003 -52"><span class='ocrx_word' id='word_1_43' title='bbox 257 1310 379 1440; x_wconf 78' lang='grc' dir='ltr'><strong><em>μήτηρ</em></strong></span> <span class='ocrx_word' id='word_1_44' title='bbox 410 1317 564 1388; x_wconf 78' lang='grc' dir='ltr'><strong><em>κατέκτα</em></strong></span> <span class='ocrx_word' id='word_1_45' title='bbox 591 1313 816 1398; x_wconf 79' lang='grc' dir='ltr'><strong>ποικίλοις</strong></span> <span class='ocrx_word' id='word_1_46' title='bbox 792 1311 1020 1410; x_wconf 81' lang='grc' dir='ltr'><strong><em>αγρεάμασιν</em></strong></span> 
     </span>
     <span class='ocr_line' id='line_1_9' title="bbox 257 1412 1051 1516; baseline 0.003 -25"><span class='ocrx_word' id='word_1_47' title='bbox 257 1413 452 1516; x_wconf 76' lang='grc' dir='ltr'><strong><em>κρύψασα,</em></strong></span> <span class='ocrx_word' id='word_1_48' title='bbox 477 1416 641 1514; x_wconf 78' lang='grc' dir='ltr'><strong><em>λουτράν</em></strong></span> <span class='ocrx_word' id='word_1_49' title='bbox 666 1413 900 1515; x_wconf 75' lang='grc' dir='ltr'><strong>ἐξεμαρτύρει</strong></span> <span class='ocrx_word' id='word_1_50' title='bbox 924 1412 1051 1515; x_wconf 85' lang='grc' dir='ltr'><strong><em>φόνον.</em></strong></span> 
     </span>
    </p>
   </div>
   <div class='ocr_carea' id='block_1_5' title="bbox 101 1567 1211 2694">
    <p class='ocr_par' dir='ltr' id='par_1_5' title="bbox 101 1567 1211 2694">
     <span class='ocr_line' id='line_1_10' title="bbox 104 1567 1210 1668; baseline 0.001 -28"><span class='ocrx_word' id='word_1_51' title='bbox 104 1573 303 1645; x_wconf 79' lang='lat' dir='ltr'><strong>Orationem</strong></span> <span class='ocrx_word' id='word_1_52' title='bbox 324 1594 394 1640; x_wconf 88' lang='lat' dir='ltr'><strong>non</strong></span> <span class='ocrx_word' id='word_1_53' title='bbox 410 1570 648 1640; x_wconf 85' lang='lat' dir='ltr'><strong>cohaerentem</strong></span> <span class='ocrx_word' id='word_1_54' title='bbox 665 1580 703 1643; x_wconf 84' lang='lat' dir='ltr'><strong>ut</strong></span> <span class='ocrx_word' id='word_1_55' title='bbox 721 1572 875 1656; x_wconf 80' lang='lat' dir='ltr'><strong>sarciret,</strong></span> <span class='ocrx_word' id='word_1_56' title='bbox 903 1567 1067 1668; x_wconf 82' lang='grc' dir='ltr'><strong><em>λουτρων</em></strong></span> <span class='ocrx_word' id='word_1_57' title='bbox 1094 1575 1210 1643; x_wconf 86' lang='lat' dir='ltr'><strong>conie-</strong></span> 
     </span>
     <span class='ocr_line' id='line_1_11' title="bbox 104 1674 1210 1769; baseline 0.001 -24"><span class='ocrx_word' id='word_1_58' title='bbox 104 1680 149 1746; x_wconf 87' lang='lat' dir='ltr'><strong>cit</strong></span> <span class='ocrx_word' id='word_1_59' title='bbox 174 1678 220 1745; x_wconf 89' lang='grc' dir='ltr'><strong>Η.</strong></span> <span class='ocrx_word' id='word_1_60' title='bbox 245 1675 455 1768; x_wconf 86' lang='lat' dir='ltr'><strong>Stephanus,</strong></span> <span class='ocrx_word' id='word_1_61' title='bbox 482 1674 590 1742; x_wconf 86' lang='lat' dir='ltr'><strong>fassus</strong></span> <span class='ocrx_word' id='word_1_62' title='bbox 618 1682 730 1742; x_wconf 84' lang='lat' dir='ltr'><strong>tamen</strong></span> <span class='ocrx_word' id='word_1_63' title='bbox 751 1675 913 1769; x_wconf 74' lang='grc' dir='ltr'><strong><em>λουτρῶν</em></strong></span> <span class='ocrx_word' id='word_1_64' title='bbox 938 1677 1040 1742; x_wconf 87' lang='lat' dir='ltr'><strong>etiarn</strong></span> <span class='ocrx_word' id='word_1_65' title='bbox 1062 1676 1210 1746; x_wconf 87' lang='lat' dir='ltr'><strong>scholia-</strong></span> 
     </span>
     <span class='ocr_line' id='line_1_12' title="bbox 103 1774 1210 1876; baseline 0.004 -28"><span class='ocrx_word' id='word_1_66' title='bbox 103 1791 188 1848; x_wconf 86' lang='lat' dir='ltr'><strong>stam</strong></span> <span class='ocrx_word' id='word_1_67' title='bbox 214 1781 348 1871; x_wconf 84' lang='lat' dir='ltr'><strong>legisse.</strong></span> <span class='ocrx_word' id='word_1_68' title='bbox 408 1777 529 1871; x_wconf 81' lang='lat' dir='ltr'><strong>Aptius</strong></span> <span class='ocrx_word' id='word_1_69' title='bbox 551 1777 706 1869; x_wconf 79' lang='lat' dir='ltr'><strong>Scaliger</strong></span> <span class='ocrx_word' id='word_1_70' title='bbox 727 1777 891 1872; x_wconf 75' lang='grc' dir='ltr'><strong><em>λουτρῶν</em></strong></span> <span class='ocrx_word' id='word_1_71' title='bbox 916 1775 952 1848; x_wconf 86' lang='lat' dir='ltr'><strong>d&#39;</strong></span> <span class='ocrx_word' id='word_1_72' title='bbox 974 1774 1210 1876; x_wconf 74' lang='grc' dir='ltr'><strong>ἐξεμαρτύρει</strong></span> 
     </span>
     <span class='ocr_line' id='line_1_13' title="bbox 103 1880 1210 1976; baseline 0 -25"><span class='ocrx_word' id='word_1_73' title='bbox 103 1884 306 1976; x_wconf 89' lang='lat' dir='ltr'><strong>corrigebat.</strong></span> <span class='ocrx_word' id='word_1_74' title='bbox 357 1881 399 1949; x_wconf 94' lang='lat' dir='ltr'><strong>ld</strong></span> <span class='ocrx_word' id='word_1_75' title='bbox 420 1880 558 1971; x_wconf 86' lang='lat' dir='ltr'><strong>quidam</strong></span> <span class='ocrx_word' id='word_1_76' title='bbox 586 1880 734 1971; x_wconf 83' lang='lat' dir='ltr'><strong>amplexi</strong></span> <span class='ocrx_word' id='word_1_77' title='bbox 758 1891 850 1949; x_wconf 82' lang='lat' dir='ltr'><strong>sunt:</strong></span> <span class='ocrx_word' id='word_1_78' title='bbox 890 1882 947 1949; x_wconf 87' lang='lat' dir='ltr'><strong>alii</strong></span> <span class='ocrx_word' id='word_1_79' title='bbox 968 1880 1015 1949; x_wconf 85' lang='lat' dir='ltr'><strong>ed</strong></span> <span class='ocrx_word' id='word_1_80' title='bbox 1042 1882 1210 1976; x_wconf 86' lang='lat' dir='ltr'><strong>Stephani</strong></span> 
     </span>
     <span class='ocr_line' id='line_1_14' title="bbox 102 1983 1211 2080; baseline 0.001 -26"><span class='ocrx_word' id='word_1_81' title='bbox 102 1999 216 2080; x_wconf 87' lang='lat' dir='ltr'><strong>partes</strong></span> <span class='ocrx_word' id='word_1_82' title='bbox 244 1985 432 2072; x_wconf 87' lang='lat' dir='ltr'><strong>redierunt,</strong></span> <span class='ocrx_word' id='word_1_83' title='bbox 462 2006 530 2051; x_wconf 91' lang='lat' dir='ltr'><strong>non</strong></span> <span class='ocrx_word' id='word_1_84' title='bbox 553 1984 739 2076; x_wconf 82' lang='lat' dir='ltr'><strong>cogitantes</strong></span> <span class='ocrx_word' id='word_1_85' title='bbox 762 1983 875 2051; x_wconf 80' lang='lat' dir='ltr'><strong>nesio</strong></span> <span class='ocrx_word' id='word_1_86' title='bbox 898 1983 1036 2075; x_wconf 74' lang='lat' dir='ltr'><strong>quidem</strong></span> <span class='ocrx_word' id='word_1_87' title='bbox 1058 1987 1211 2077; x_wconf 81' lang='lat' dir='ltr'><strong>copulari</strong></span> 
     </span>
     <span class='ocr_line' id='line_1_15' title="bbox 103 2085 1210 2182; baseline -0.002 -23"><span class='ocrx_word' id='word_1_88' title='bbox 103 2092 269 2182; x_wconf 87' lang='lat' dir='ltr'><strong>abrupta,</strong></span> <span class='ocrx_word' id='word_1_89' title='bbox 304 2111 416 2178; x_wconf 90' lang='lat' dir='ltr'><strong>neque</strong></span> <span class='ocrx_word' id='word_1_90' title='bbox 445 2085 746 2155; x_wconf 86' lang='lat' dir='ltr'><strong>animadvertentes</strong></span> <span class='ocrx_word' id='word_1_91' title='bbox 775 2096 810 2154; x_wconf 94' lang='lat' dir='ltr'><strong>et</strong></span> <span class='ocrx_word' id='word_1_92' title='bbox 830 2088 982 2178; x_wconf 89' lang='lat' dir='ltr'><strong>ineptam</strong></span> <span class='ocrx_word' id='word_1_93' title='bbox 1011 2111 1210 2179; x_wconf 87' lang='lat' dir='ltr'><strong>essequam</strong></span> 
     </span>
     <span class='ocr_line' id='line_1_16' title="bbox 102 2190 1211 2283; baseline -0.002 -20"><span class='ocrx_word' id='word_1_94' title='bbox 102 2194 264 2263; x_wconf 81' lang='lat' dir='ltr'><strong>inferrent</strong></span> <span class='ocrx_word' id='word_1_95' title='bbox 283 2192 496 2277; x_wconf 87' lang='lat' dir='ltr'><strong>sententiam,</strong></span> <span class='ocrx_word' id='word_1_96' title='bbox 522 2201 557 2260; x_wconf 84' lang='lat' dir='ltr'><strong>et</strong></span> <span class='ocrx_word' id='word_1_97' title='bbox 573 2212 767 2283; x_wconf 84' lang='lat' dir='ltr'><strong>repugnare</strong></span> <span class='ocrx_word' id='word_1_98' title='bbox 779 2191 853 2276; x_wconf 81' lang='lat' dir='ltr'><strong>illis,</strong></span> <span class='ocrx_word' id='word_1_99' title='bbox 873 2215 961 2281; x_wconf 87' lang='lat' dir='ltr'><strong>qnae</strong></span> <span class='ocrx_word' id='word_1_100' title='bbox 978 2190 1068 2261; x_wconf 87' lang='lat' dir='ltr'><strong>dicta</strong></span> <span class='ocrx_word' id='word_1_101' title='bbox 1088 2201 1163 2264; x_wconf 83' lang='lat' dir='ltr'><strong>sant</strong></span> <span class='ocrx_word' id='word_1_102' title='bbox 1176 2194 1211 2261; x_wconf 91' lang='lat' dir='ltr'><strong>in</strong></span> 
     </span>
     <span class='ocr_line' id='line_1_17' title="bbox 103 2293 1211 2389; baseline -0.001 -23"><span class='ocrx_word' id='word_1_103' title='bbox 103 2295 319 2389; x_wconf 84' lang='lat' dir='ltr'><strong>Ghoeplroris</strong></span> <span class='ocrx_word' id='word_1_104' title='bbox 339 2319 371 2362; x_wconf 87' lang='lat' dir='ltr'><strong>v.</strong></span> <span class='ocrx_word' id='word_1_105' title='bbox 389 2293 477 2367; x_wconf 80' lang='lat'><strong>98⁰.</strong></span> <span class='ocrx_word' id='word_1_106' title='bbox 501 2318 597 2384; x_wconf 86' lang='lat' dir='ltr'><strong>seqq.</strong></span> <span class='ocrx_word' id='word_1_107' title='bbox 620 2293 679 2362; x_wconf 88' lang='lat' dir='ltr'><strong>ubi</strong></span> <span class='ocrx_word' id='word_1_108' title='bbox 703 2295 855 2363; x_wconf 87' lang='lat' dir='ltr'><strong>velamen</strong></span> <span class='ocrx_word' id='word_1_109' title='bbox 875 2294 975 2383; x_wconf 89' lang='lat' dir='ltr'><strong>illud,</strong></span> <span class='ocrx_word' id='word_1_110' title='bbox 1002 2317 1071 2384; x_wconf 91' lang='lat' dir='ltr'><strong>quo</strong></span> <span class='ocrx_word' id='word_1_111' title='bbox 1094 2296 1211 2388; x_wconf 90' lang='lat' dir='ltr'><strong>impli-</strong></span> 
     </span>
     <span class='ocr_line' id='line_1_18' title="bbox 102 2396 1210 2490; baseline 0 -22"><span class='ocrx_word' id='word_1_112' title='bbox 102 2410 218 2468; x_wconf 88' lang='lat' dir='ltr'><strong>catum</strong></span> <span class='ocrx_word' id='word_1_113' title='bbox 245 2398 418 2467; x_wconf 83' lang='lat' dir='ltr'><strong>occiderat</strong></span> <span class='ocrx_word' id='word_1_114' title='bbox 440 2397 733 2490; x_wconf 85' lang='lat' dir='ltr'><strong>Agamemnonem</strong></span> <span class='ocrx_word' id='word_1_115' title='bbox 757 2396 1043 2488; x_wconf 78' lang='lat' dir='ltr'><strong>Clytaemnestra,</strong></span> <span class='ocrx_word' id='word_1_116' title='bbox 1078 2401 1210 2490; x_wconf 89' lang='lat' dir='ltr'><strong>populo</strong></span> 
     </span>
     <span class='ocr_line' id='line_1_19' title="bbox 102 2498 1209 2590; baseline -0.003 -19"><span class='ocrx_word' id='word_1_117' title='bbox 102 2503 298 2573; x_wconf 86' lang='lat' dir='ltr'><strong>ostenditur.</strong></span> <span class='ocrx_word' id='word_1_118' title='bbox 338 2500 436 2570; x_wconf 89' lang='lat' dir='ltr'><strong>Haec</strong></span> <span class='ocrx_word' id='word_1_119' title='bbox 450 2511 519 2567; x_wconf 89' lang='lat' dir='ltr'><strong>tam</strong></span> <span class='ocrx_word' id='word_1_120' title='bbox 535 2506 609 2568; x_wconf 88' lang='lat' dir='ltr'><strong>sunt</strong></span> <span class='ocrx_word' id='word_1_121' title='bbox 621 2498 742 2589; x_wconf 84' lang='lat' dir='ltr'><strong>plana,</strong></span> <span class='ocrx_word' id='word_1_122' title='bbox 768 2507 905 2589; x_wconf 85' lang='lat' dir='ltr'><strong>tamque</strong></span> <span class='ocrx_word' id='word_1_123' title='bbox 918 2501 1009 2567; x_wconf 85' lang='lat' dir='ltr'><strong>clara</strong></span> <span class='ocrx_word' id='word_1_124' title='bbox 1023 2501 1100 2568; x_wconf 89' lang='lat' dir='ltr'><strong>luce</strong></span> <span class='ocrx_word' id='word_1_125' title='bbox 1114 2502 1209 2590; x_wconf 84' lang='lat' dir='ltr'><strong>quasi</strong></span> 
     </span>
     <span class='ocr_line' id='line_1_20' title="bbox 101 2600 1211 2694; baseline -0.003 -19"><span class='ocrx_word' id='word_1_126' title='bbox 101 2607 227 2675; x_wconf 84' lang='lat' dir='ltr'><strong>feriunt</strong></span> <span class='ocrx_word' id='word_1_127' title='bbox 255 2605 390 2692; x_wconf 87' lang='lat' dir='ltr'><strong>oculos,</strong></span> <span class='ocrx_word' id='word_1_128' title='bbox 425 2613 462 2671; x_wconf 88' lang='lat' dir='ltr'><strong>ut</strong></span> <span class='ocrx_word' id='word_1_129' title='bbox 489 2602 546 2671; x_wconf 84' lang='lat' dir='ltr'><strong>vix</strong></span> <span class='ocrx_word' id='word_1_130' title='bbox 574 2600 735 2670; x_wconf 90' lang='lat' dir='ltr'><strong>credibile</strong></span> <span class='ocrx_word' id='word_1_131' title='bbox 765 2601 825 2691; x_wconf 85' lang='lat' dir='ltr'><strong>sit,</strong></span> <span class='ocrx_word' id='word_1_132' title='bbox 866 2624 934 2669; x_wconf 90' lang='lat' dir='ltr'><strong>non</strong></span> <span class='ocrx_word' id='word_1_133' title='bbox 962 2602 1139 2671; x_wconf 84' lang='lat' dir='ltr'><strong>exstitisse</strong></span> <span class='ocrx_word' id='word_1_134' title='bbox 1151 2605 1211 2694; x_wconf 89' lang='lat' dir='ltr'><strong>qni</strong></span> 
     </span>
    </p>
   </div>
   <div class='ocr_carea' id='block_1_6' title="bbox 102 2711 279 2780">
    <p class='ocr_par' dir='ltr' id='par_1_6' title="bbox 102 2711 279 2780">
     <span class='ocr_line' id='line_1_21' title="bbox 102 2711 279 2780; baseline -0.006 -1"><span class='ocrx_word' id='word_1_135' title='bbox 102 2711 279 2780; x_wconf 85' lang='lat' dir='ltr'><strong>scriberet.</strong></span> 
     </span>
    </p>
   </div>
   <div class='ocr_carea' id='block_1_7' title="bbox 255 2851 1093 3162">
    <p class='ocr_par' dir='ltr' id='par_1_7' title="bbox 255 2851 1082 3162">
     <span class='ocr_line' id='line_1_22' title="bbox 363 2851 909 2980; baseline -0.004 -48"><span class='ocrx_word' id='word_1_136' title='bbox 363 2852 456 2932; x_wconf 63' lang='lat' dir='ltr'><strong>ditat</strong></span> <span class='ocrx_word' id='word_1_137' title='bbox 479 2885 536 2931; x_wconf 86' lang='grc' dir='ltr'><strong>νιν</strong></span> <span class='ocrx_word' id='word_1_138' title='bbox 563 2851 857 2954; x_wconf 83' lang='grc' dir='ltr'><strong><em>κελαινόφρων’</em></strong></span> <span class='ocrx_word' id='word_1_139' title='bbox 839 2852 909 2980; x_wconf 64' lang='lat' dir='ltr'><strong>opp*</strong></span> 
     </span>
     <span class='ocr_line' id='line_1_23' title="bbox 255 2955 1019 3087; baseline -0.007 -52"><span class='ocrx_word' id='word_1_140' title='bbox 255 2957 375 3087; x_wconf 84' lang='grc' dir='ltr'><strong><em>μήτηρ</em></strong></span> <span class='ocrx_word' id='word_1_141' title='bbox 401 2963 558 3035; x_wconf 81' lang='grc' dir='ltr'><strong><em>κατέκτα</em></strong></span> <span class='ocrx_word' id='word_1_142' title='bbox 584 2955 811 3042; x_wconf 78' lang='grc' dir='ltr'><strong><em>ποικίλοις</em></strong></span> <span class='ocrx_word' id='word_1_143' title='bbox 786 2956 1019 3082; x_wconf 79' lang='grc' dir='ltr'><strong><em>αγριάμασιν</em></strong></span> 
     </span>
     <span class='ocr_line' id='line_1_24' title="bbox 256 3053 1093 3162; baseline -0.008 -23"><span class='ocrx_word' id='word_1_144' title='bbox 256 3060 438 3162; x_wconf 49' lang='grc' dir='ltr'><strong><em>κράψασᾏ</em></strong></span> <span class='ocrx_word' id='word_1_145' title='bbox 464 3066 488 3136; x_wconf 87' lang='grc' dir='ltr'><strong><em>ἁ</em></strong></span> <span class='ocrx_word' id='word_1_146' title='bbox 482 3062 680 3160; x_wconf 75' lang='grc' dir='ltr'><strong><em>λουτρῶν</em></strong></span> <span class='ocrx_word' id='word_1_147' title='bbox 705 3055 939 3159; x_wconf 77' lang='grc' dir='ltr'><strong><em>ἐξεμαρτύρει</em></strong></span> <span class='ocrx_word' id='word_1_148' title='bbox 967 3053 1093 3157; x_wconf 83' lang='grc' dir='ltr'><strong><em>φόνον.</em></strong></span> 
     </span>
    </p>
   </div>
   <div class='ocr_carea' id='block_1_8' title="bbox 103 3214 618 3291">
    <p class='ocr_par' dir='ltr' id='par_1_8' title="bbox 103 3214 618 3291">
     <span class='ocr_line' id='line_1_25' title="bbox 103 3214 618 3291; baseline -0.017 0"><span class='ocrx_word' id='word_1_149' title='bbox 103 3221 175 3291; x_wconf 89' lang='lat' dir='ltr'><strong>Sed</strong></span> <span class='ocrx_word' id='word_1_150' title='bbox 199 3220 309 3290; x_wconf 90' lang='lat' dir='ltr'><strong>nullus</strong></span> <span class='ocrx_word' id='word_1_151' title='bbox 331 3218 501 3288; x_wconf 86' lang='lat' dir='ltr'><strong>editorum</strong></span> <span class='ocrx_word' id='word_1_152' title='bbox 526 3214 618 3285; x_wconf 83' lang='lat' dir='ltr'><strong>vidit</strong></span> 
     </span>
    </p>
   </div>
   <div class='ocr_carea' id='block_1_9' title="bbox 608 3572 684 3645">
    <p class='ocr_par' dir='ltr' id='par_1_9' title="bbox 608 3572 684 3645">
     <span class='ocr_line' id='line_1_26' title="bbox 608 3572 684 3645; baseline 0.039 -3"><span class='ocrx_word' id='word_1_153' title='bbox 608 3572 684 3645; x_wconf 81' lang='lat' dir='ltr'><strong>vll.</strong></span> 
     </span>
    </p>
   </div>
   <div class='ocr_carea' id='block_1_10' title="bbox 100 3722 1207 3901">
    <p class='ocr_par' dir='ltr' id='par_1_10' title="bbox 100 3722 1207 3901">
     <span class='ocr_line' id='line_1_27' title="bbox 203 3722 1207 3821; baseline -0.008 -24"><span class='ocrx_word' id='word_1_154' title='bbox 203 3728 244 3797; x_wconf 93' lang='lat' dir='ltr'><strong>ln</strong></span> <span class='ocrx_word' id='word_1_155' title='bbox 263 3724 484 3821; x_wconf 88' lang='lat' dir='ltr'><strong>Supplicibus</strong></span> <span class='ocrx_word' id='word_1_156' title='bbox 511 3749 544 3800; x_wconf 90' lang='lat' dir='ltr'><strong>v.</strong></span> <span class='ocrx_word' id='word_1_157' title='bbox 560 3722 646 3795; x_wconf 81' lang='lat'><strong>354.</strong></span> <span class='ocrx_word' id='word_1_158' title='bbox 669 3724 792 3794; x_wconf 88' lang='lat' dir='ltr'><strong>chorus</strong></span> <span class='ocrx_word' id='word_1_159' title='bbox 812 3745 932 3815; x_wconf 90' lang='lat' dir='ltr'><strong>regem</strong></span> <span class='ocrx_word' id='word_1_160' title='bbox 952 3723 1134 3816; x_wconf 85' lang='lat' dir='ltr'><strong>Pelasgum</strong></span> <span class='ocrx_word' id='word_1_161' title='bbox 1154 3723 1207 3791; x_wconf 84' lang='lat' dir='ltr'><strong>his</strong></span> 
     </span>
     <span class='ocr_line' id='line_1_28' title="bbox 100 3830 639 3901; baseline -0.002 -3"><span class='ocrx_word' id='word_1_162' title='bbox 100 3830 212 3901; x_wconf 85' lang='lat' dir='ltr'><strong>verbis</strong></span> <span class='ocrx_word' id='word_1_163' title='bbox 228 3843 303 3900; x_wconf 90' lang='lat' dir='ltr'><strong>orat</strong></span> <span class='ocrx_word' id='word_1_164' title='bbox 319 3842 356 3900; x_wconf 88' lang='lat' dir='ltr'><strong>ut</strong></span> <span class='ocrx_word' id='word_1_165' title='bbox 372 3832 435 3901; x_wconf 88' lang='lat' dir='ltr'><strong>sibi</strong></span> <span class='ocrx_word' id='word_1_166' title='bbox 449 3830 639 3900; x_wconf 77' lang='lat' dir='ltr'><strong>subveniatr</strong></span> 
     </span>
    </p>
   </div>
   <div class='ocr_carea' id='block_1_11' title="bbox 153 3972 1041 4204">
    <p class='ocr_par' dir='ltr' id='par_1_11' title="bbox 153 3972 1041 4175">
     <span class='ocr_line' id='line_1_29' title="bbox 153 3972 1041 4104; baseline -0.01 -47"><span class='ocrx_word' id='word_1_167' title='bbox 153 3986 156 3995; x_wconf 86' lang='lat'>&#39;</span> <span class='ocrx_word' id='word_1_168' title='bbox 255 3987 311 4058; x_wconf 74' lang='lat' dir='ltr'><strong>ida</strong></span> <span class='ocrx_word' id='word_1_169' title='bbox 333 4011 382 4077; x_wconf 79' lang='grc' dir='ltr'><strong>με</strong></span> <span class='ocrx_word' id='word_1_170' title='bbox 407 3975 478 4056; x_wconf 86' lang='grc' dir='ltr'><strong><em>τάν</em></strong></span> <span class='ocrx_word' id='word_1_171' title='bbox 505 3983 619 4057; x_wconf 87' lang='grc' dir='ltr'><strong><em>ἱκέτιν</em></strong></span> <span class='ocrx_word' id='word_1_172' title='bbox 644 3973 789 4076; x_wconf 80' lang='grc' dir='ltr'><strong><em>φυγάδα</em></strong></span> <span class='ocrx_word' id='word_1_173' title='bbox 800 3972 1041 4104; x_wconf 59' lang='grc' dir='ltr'><strong>1ρισριίἳρομον</strong></span> 
     </span>
     <span class='ocr_line' id='line_1_30' title="bbox 255 4077 1018 4204; baseline -0.013 -44"><span class='ocrx_word' id='word_1_174' title='bbox 255 4081 565 4160; x_wconf 82' lang='grc' dir='ltr'><strong><em>λευκόστικτον</em></strong></span> <span class='ocrx_word' id='word_1_175' title='bbox 537 4113 582 4204; x_wconf 73' lang='grc' dir='ltr'><strong>ρος</strong></span> <span class='ocrx_word' id='word_1_176' title='bbox 608 4077 813 4175; x_wconf 82' lang='grc' dir='ltr'><strong><em>δάμαλιν</em></strong></span> <span class='ocrx_word' id='word_1_177' title='bbox 788 4107 841 4171; x_wconf 92' lang='grc' dir='ltr'><strong>αμ</strong></span> <span class='ocrx_word' id='word_1_178' title='bbox 868 4079 1018 4172; x_wconf 80' lang='grc' dir='ltr'><strong><em>πέτραις</em></strong></span> 
     </span>
    </p>
   </div>
   <div class='ocr_carea' id='block_1_12' title="bbox 255 4182 1000 4485">
    <p class='ocr_par' dir='ltr' id='par_1_12' title="bbox 255 4182 1000 4485">
     <span class='ocr_line' id='line_1_31' title="bbox 256 4182 975 4312; baseline -0.014 -49"><span class='ocrx_word' id='word_1_179' title='bbox 256 4184 467 4312; x_wconf 59' lang='grc' dir='ltr'><strong><em>ἠλιβάτοις,</em></strong></span> <span class='ocrx_word' id='word_1_180' title='bbox 495 4193 529 4259; x_wconf 84' lang='grc' dir='ltr'><strong>ἵν</strong></span> <span class='ocrx_word' id='word_1_181' title='bbox 537 4183 659 4282; x_wconf 80' lang='grc' dir='ltr'><strong>άλκᾷ</strong></span> <span class='ocrx_word' id='word_1_182' title='bbox 684 4183 832 4264; x_wconf 80' lang='grc' dir='ltr'><strong><em>πίσυνος</em></strong></span> <span class='ocrx_word' id='word_1_183' title='bbox 855 4182 975 4274; x_wconf 90' lang='grc' dir='ltr'><strong><em>μέμυ-</em></strong></span> 
     </span>
     <span class='ocr_line' id='line_1_32' title="bbox 255 4261 869 4388; baseline -0.01 -24"><span class='ocrx_word' id='word_1_184' title='bbox 255 4319 295 4366; x_wconf 85' lang='grc' dir='ltr'><strong>κι</strong></span> <span class='ocrx_word' id='word_1_185' title='bbox 322 4284 510 4388; x_wconf 82' lang='grc' dir='ltr'><strong><em>φράζουσα</em></strong></span> <span class='ocrx_word' id='word_1_186' title='bbox 536 4261 671 4387; x_wconf 77' lang='grc' dir='ltr'><strong><em>βοτῆρι</em></strong></span> <span class='ocrx_word' id='word_1_187' title='bbox 692 4280 869 4381; x_wconf 79' lang='grc' dir='ltr'><strong><em>μόχθους</em></strong></span> 
     </span>
     <span class='ocr_line' id='line_1_33' title="bbox 934 4417 1000 4485; baseline -0.015 -15"><span class='ocrx_word' id='word_1_188' title='bbox 934 4417 1000 4485; x_wconf 72' lang='lat' dir='ltr'><strong>Y*</strong></span> 
     </span>
    </p>
   </div>
   <div class='ocr_carea' id='block_1_13' title="bbox 0 0 1426 4920">
    <p class='ocr_par' dir='ltr' id='par_1_13' title="bbox 0 0 1426 4920">
     <span class='ocr_line' id='line_1_34' title="bbox 0 0 1426 4920; baseline 0 0"><span class='ocrx_word' id='word_1_189' title='bbox 0 0 1426 4920; x_wconf 95' lang='lat' dir='ltr'><strong> </strong></span> 
     </span>
    </p>
   </div>
  </div>
 </body>
</html>
