2842 4920
464 368 938 430 ulssEuTlrlo
1197 376 1262 440 287

152 560 246 636 cilici
268 587 320 655 μη
346 552 494 653 φθόνοι
534 560 810 683 παραπέτασμα
829 586 898 656 γαρ
926 558 1020 653 ἡμᾶς
1046 558 1256 654 ἀπετείχιζε,

151 666 210 737 καὶ
222 690 340 737 τουτο
348 664 678 760 ερρωμσνεστατον,
700 691 743 735 ov
736 656 871 736 παλαι
886 659 1150 784 διερῤωγότος
1135 668 1254 742 rorico

150 760 351 859 τεμάχιοα,
379 766 632 861 σωφρονοῦσιν
645 758 854 861 ἀνθρώποις
874 760 920 839 cd
933 774 1049 856 τεῖχος
1068 796 1112 841 το
1105 763 1254 863 Σεμι-

151 864 317 969 pecuedes
369 869 415 937 Et
430 869 593 958 synesius
607 867 744 957 quidem
760 880 863 955 recte,
889 878 1041 959 utquam
1056 872 1257 964 impervium

151 975 214 1044 sibi
240 972 354 1041 velum
376 972 462 1041 illud
491 995 567 1040 esse
591 972 783 1064 putaverint
804 973 1025 1042 indicaturus:
1057 976 1146 1044 male
1173 1001 1256 1046 vero
1330 970 1334 979 ¹

150 1077 307 1145 Paullurr
342 1076 401 1167 qui
427 1077 455 1144 si
475 1076 689 1143 tenuissimae
712 1077 811 1144 vestis
834 1076 969 1145 obiectu
992 1079 1130 1147 nimium
1152 1103 1189 1148 sc
1211 1082 1255 1153 ab

150 1181 261 1249 amica
275 1179 426 1248 distineri
442 1179 604 1271 putabat,
630 1203 741 1268 neque
757 1189 881 1269 quanto
903 1182 1012 1272 spatio
1028 1206 1256 1274 nequequam

151 1283 373 1376 insuperabili
386 1291 484 1375 septo
501 1291 681 1369 arceretur,
707 1283 768 1351 sed
782 1306 884 1374 quam
894 1286 1040 1376 penitus,
1067 1286 1179 1355 dicere
1192 1289 1256 1356 de-

151 1387 265 1456 bebat.
319 1387 426 1475 Atqui
446 1386 580 1478 penitus
605 1387 705 1454 etiam
724 1387 830 1475 quivis
853 1410 967 1456 murus
987 1390 1042 1456 vel
1060 1392 1173 1480 paries
1200 1414 1257 1459 se·
1327 1408 1332 1423 “

152 1490 322 1559 eluderet:
348 1490 439 1557 auxit
460 1511 565 1582 ergo,
592 1512 662 1578 quo
680 1489 838 1582 augendo
853 1490 936 1559 nihil
949 1492 1105 1581 profecit
1158 1494 1256 1563 Alter

150 1615 336 1686 perperam
355 1592 504 1684 augendi
520 1592 657 1678 modus,
681 1595 739 1683 qui
760 1602 809 1660 est
831 1594 864 1660 in
884 1595 1114 1683 perturbanda
1133 1599 1256 1689 ampli-

118 1784 121 1788 ,
151 1698 320 1783 ficatione,
345 1697 379 1764 in
392 1697 467 1782 illa,
495 1697 587 1763 cuius
604 1698 808 1764 mentionem
824 1696 975 1783 fecimus,
1001 1696 1176 1767 Minervae
1191 1723 1257 1792 ga—

150 1802 207 1868 lea
229 1801 303 1891 ipse
331 1822 468 1889 quoque
490 1800 704 1891 conspicitur.
756 1801 846 1868 Nam
861 1802 961 1892 galea
983 1824 1086 1890 quum
1106 1802 1201 1871 unius
1214 1805 1255 1873 sit

153 1904 271 1996 capitis
298 1911 549 1995 tegumentum,
575 1926 775 1993 perversum
802 1912 854 1971 est
881 1927 956 1972 eam
985 1905 1167 1973 multorum
1197 1930 1256 1974 ca-

151 2008 262 2100 pitum
275 2029 439 2098 capacem
453 2006 577 2091 dicere,
603 2007 682 2096 quia
695 2006 961 2099 magnitudinem
974 2009 1095 2100 galeae
1107 2000 1175 2077 non
1190 2033 1257 2077 nu-

152 2132 247 2178 mero
261 2112 421 2201 capitum,
447 2109 507 2178 sed
522 2132 679 2178 mensura
692 2111 779 2179 illius
793 2111 921 2201 capitis,
948 2113 1004 2179 cui
1015 2112 1179 2181 destinata
1192 2123 1256 2198 est,

152 2215 327 2283 metimurr
353 2223 389 2281 ut
406 2215 512 2281 multo
525 2215 646 2282 rectius
659 2237 756 2283 mons
773 2214 881 2282 dictus
894 2224 981 2283 esset
993 2216 1056 2284 ista
1068 2217 1170 2310 galea
1184 2218 1255 2310 tegi

152 2340 264 2409 posse.
314 2316 387 2387 Sed
413 2318 599 2408 permirum
628 2327 694 2403 est,
734 2318 836 2386 fuisse
860 2327 974 2385 nostro
1003 2342 1139 2409 quoque
1169 2344 1254 2388 aevo

152 2421 242 2489 viros
259 2420 426 2504 eruditos,
452 2421 572 2508 quibus
593 2421 655 2510 qui
667 2421 719 2489 nit
737 2420 887 2489 molitur
909 2421 1029 2513 inepte
1043 2430 1114 2489 tam
1136 2423 1256 2491 absur-

154 2524 237 2592 dum
253 2524 334 2613 quid
345 2523 515 2590 videretur
528 2523 716 2613 protulisse.
743 2523 978 2613 Descripserat
992 2523 1162 2593 Homerus
1176 2547 1255 2593 cur-

153 2650 229 2695 rum
250 2627 403 2707 lunonis;
429 2634 673 2694 memoraverat
694 2626 836 2718 insignia
864 2614 1012 2718 aegidis:
1038 2648 1119 2695 mox
1138 2628 1255 2695 ambas

154 2730 236 2799 deas
253 2752 355 2797 curru
368 2729 412 2796 de
427 2729 522 2797 caelo
537 2730 572 2796 in
585 2727 784 2820 Olympum,
809 2729 889 2796 inde
902 2729 936 2796 in
956 2752 1117 2822 campum
1130 2730 1259 2799 Troia-·

154 2856 252 2919 num,
278 2856 346 2924 qua
371 2832 493 2901 Simois
517 2843 551 2899 et
574 2832 782 2901 Scamander
801 2833 991 2923 confluunt,
1016 2843 1150 2915 vectas,
1175 2835 1256 2905 biuc

153 2936 300 3029 pedibus
316 2936 360 3003 ad
372 2936 553 3003 exercitum
567 2935 778 3005 Graecorum
792 2957 991 3026 progressas
1006 2935 1096 3007 dicit
1121 2937 1168 3005 Et
1182 2937 1282 3017 bacti

153 3041 189 3107 in
204 3040 406 3125 narratione,
432 3040 466 3106 in
482 3062 550 3128 qua
564 3038 654 3106 aliud
667 3038 748 3107 nihil
764 3038 925 3105 abnorme
941 3040 1120 3125 invenitur,
1147 3043 1256 3109 solam

154 3144 211 3211 ille
225 3143 401 3210 Minervae
423 3144 559 3235 galeam
576 3166 596 3210 a
616 3151 685 3209 tam
699 3141 835 3209 immani
847 3152 881 3209 et
896 3150 1106 3210 monstruosa
1122 3145 1256 3234 magni-

155 3246 272 3314 tudine
287 3246 498 3315 laudaverit?
523 3269 590 3314 non
612 3246 825 3338 cogitaverit,
851 3266 974 3337 corpus
990 3244 1087 3331 deae,
1114 3245 1142 3312 si
1155 3247 1256 3338 galea

156 3359 249 3417 tanta
269 3358 375 3434 esset,
402 3358 565 3439 quantum
580 3373 653 3418 esse
668 3348 849 3419 debuerit?
875 3372 941 3417 non
957 3348 1095 3434 viderit,
1125 3358 1255 3417 tantum

157 3454 321 3538 abluisse,
353 3462 391 3521 ut
412 3453 599 3522 istiusmodi
627 3453 695 3520 duo
723 3461 873 3521 monstra
899 3453 1014 3542 (certe
1035 3476 1103 3522 non
1120 3455 1256 3522 brevior

156 3555 258 3646 luno)
284 3557 396 3623 locum
415 3557 451 3624 in
472 3557 619 3625 exercitu
640 3557 844 3642 invenirent,
869 3564 907 3623 ut
923 3557 978 3624 vel
999 3556 1071 3625 solo
1096 3557 1194 3647 pedis
1210 3557 1257 3624 si-

157 3658 227 3726 mul
250 3658 402 3728 Graecos
426 3660 659 3749 Troianosque
675 3659 851 3727 debuerint
866 3659 1068 3749 proterere?
1095 3659 1193 3726 Absit
1220 3668 1257 3726 ut
1337 3698 1341 3709 ι

157 3761 192 3828 id
208 3761 396 3834 credamus.
448 3763 628 3831 Verissime
641 3764 708 3841 illi,
734 3763 792 3852 qui
813 3763 930 3852 liguris
952 3763 1092 3829 militum
1105 3770 1256 3829 ornatam

159 3865 226 3931 dici
245 3865 380 3957 galeam
402 3875 616 3934 censuerunt:
643 3866 766 3934 eodem
786 3865 908 3949 modo,
935 3887 1004 3954 quo
1022 3887 1107 3931 zona
1123 3865 1256 3934 lunonis

157 3961 361 4036 iliad-XIV·
381 3966 464 4039 181.
487 3967 618 4043 ἑκατόν
635 3962 991 4061 occultorumque
1017 3966 1145 4035 dicitur.
1199 3971 1256 4054 At,

156 4071 285 4161 inquiat
307 4072 397 4160 quis,
423 4072 479 4140 vel
493 4074 540 4140 sic
560 4079 693 4140 centum
709 4072 840 4139 urbium
855 4069 1022 4160 peditatus
1039 4070 1256 4138 immodicum

157 4183 211 4243 est
236 4182 270 4242 et
289 4174 486 4243 incredibile
509 4184 740 4244 ornamentum
763 4174 891 4267 galeae.
942 4174 1066 4242 Recte:
1093 4173 1153 4242 sed
1171 4174 1256 4264 ‚quid

159 4278 186 4346 si
200 4301 244 4345 ne
265 4276 351 4345 haec
371 4279 508 4367 quidem
530 4280 616 4346 iusta
638 4287 688 4346 est
704 4279 837 4345 illorum
854 4275 1033 4346 verborum
1054 4278 1257 4367 interpreta-

158 4380 235 4447 tio?
260 4379 389 4448 Mirum
411 4391 520 4465 certe,
547 4380 641 4470 quod
660 4381 734 4449 illos
753 4381 905 4474 πραλεάς
922 4403 1025 4470 quam
1047 4381 1111 4447 alio
1126 4380 1259 4448 nomine
