2842 4920
152 334 214 397 146
485 327 543 386 DE
580 323 853 386 Pnnnlcvnn
875 319 922 387 ι’ίν

252 515 456 609 Saepissime
477 537 543 606 pro
572 523 685 584 rectae
711 514 867 583 orationis
894 513 1104 582 coniunctivo
1125 514 1264 604 ponitur

153 622 340 713 optativnS‚
364 619 391 687 si
404 619 545 687 verbum
565 619 752 710 principale
769 642 845 686 enm
864 617 1004 686 modum
1018 618 1133 689 habet.
1188 619 1264 686 Nec

151 726 281 794 mirum.
334 725 422 791 Nam
448 723 506 790 nbi
529 745 658 789 summa
684 724 866 790 sententiae
895 729 932 790 nt
958 721 1030 788 sola
1059 722 1265 812 cogitatione

152 827 397 917 comprehensa
414 827 624 909 enunciatur‚
653 826 773 894 eadem
792 827 877 894 solet
899 825 1000 892 etiam
1022 825 1169 915 partium
1193 826 1266 892 eins

152 931 298 998 conditio
314 953 395 997 esse.
423 928 550 1019 Odyss
569 956 601 1022 y.
620 927 706 1002 340.

204 1060 293 1145 Ζινς
307 1059 374 1157 τόγ
379 1058 582 1191 ἄλεξησεια
597 1092 656 1135 ιιαι
649 1059 858 1138 αθιίνατοι
874 1062 956 1137 θεοί
974 1061 1099 1143 ἄλλοι,

205 1168 250 1249 οῖς
268 1167 367 1261 νμιῖς
381 1163 472 1262 παρ’
490 1172 591 1258 ἐμεῖο
608 1160 741 1264 θοην’
725 1168 782 1240 επί
803 1167 870 1262 νῆα
886 1167 1010 1245 νιᾛοιτο

152 1322 206 1391 De
228 1320 412 1389 caratione
429 1320 497 1387 dixi
520 1319 564 1387 ad
582 1319 747 1414 Sophocl
769 1322 823 1389 Αἰ.
841 1319 1054 1391 0041200.
1106 1319 1163 1388 Sic
1186 1321 1266 1390 Ho-

152 1448 262 1493 merus
279 1424 373 1492 Iliad.
392 1451 418 1496 s.
437 1422 523 1494 212.

206 1591 236 1633 ει
232 1562 294 1633 ''ds
307 1589 345 1632 aa
363 1553 525 1656 νοστήσω
541 1557 599 1631 καί
616 1556 795 1653 ἑςιίψομαι
815 1555 1067 1654 ὀφθαλμοῖσιν

204 1659 387 1790 πατρίδ’
371 1691 461 1759 εμην
481 1657 614 1751 ἄλοχόν
629 1691 670 1734 τε
687 1662 746 1735 καί
761 1661 938 1757 ὑψερεφὲς
952 1663 1045 1753 μέγα
1066 1661 1181 1753 (λαῖμα,

206 1763 327 1839 adala
341 1761 457 1838 ἔπειτ
474 1761 540 1836 ἄπ’
558 1770 657 1855 ἐμοῖο
673 1759 764 1860 ια’ρῃ
785 1759 901 1856 τοίμοι
918 1756 1107 1856 α’λλότριος
1125 1757 1212 1861 poio,

205 1871 240 1941 εἰ
252 1896 302 1964 μη
320 1873 386 1960 ἐγω
379 1859 488 1939 ταδε
505 1859 592 1948 τόξα
612 1869 751 1960 φαεινῷ
768 1873 805 1940 ἐν
820 1893 907 1961 πνρι
900 1865 1039 1962 θειᾝην

153 2022 341 2111 Exspectes
356 2018 414 2085 hic
433 2018 523 2089 θείω
533 2072 544 2104 ,
574 2019 652 2105 quia
670 2027 848 2088 asseverat.
901 2019 947 2086 Et
970 2028 1128 2110 potuerat
1147 2020 1193 2086 ita
1213 2019 1267 2086 di-

154 2147 241 2195 cere.
295 2124 383 2189 Nam
400 2121 531 2188 duobus
550 2120 657 2186 modis
678 2120 746 2187 hoc
762 2121 909 2212 proferri
923 2122 1063 2205 licebat,
1090 2133 1148 2189 aut
1173 2131 1269 2191 recta

153 2226 321 2304 oratione,
349 2232 385 2288 ut
402 2232 517 2289 votum
536 2245 578 2288 ex
593 2222 784 2290 conditione
801 2223 986 2313 penderet,
1014 2226 1044 2293 τί
1061 2218 1116 2320 μη
1128 2226 1166 2296 ἐν
1181 2224 1269 2324 πνρί

154 2326 258 2412 θείω,
286 2324 318 2393 si
332 2348 404 2391 non
423 2346 647 2410 cremavere,
668 2348 843 2417 peream3
869 2336 926 2392 aut
944 2327 1101 2415 obliqua,
1129 2336 1166 2392 nt
1181 2320 1286 2396 con·'

154 2430 236 2498 ditio
254 2451 296 2496 ex
320 2436 401 2495 voto
423 2438 597 2517 tamquam
619 2430 788 2519 perseius
811 2429 995 2521 penderet:
1017 2452 1172 2521 perenm
1197 2431 1269 2500 nisi

156 2531 412 2616 ονονιονονίνπ,
439 2534 461 2599 i.
479 2555 508 2604 e.
528 2531 658 2624 sifore
665 2542 793 2625 putem
805 2542 845 2602 ut
862 2555 934 2601 non
949 2532 1171 2602 comburam.
1209 2536 1267 2604 Sic

155 2635 396 2726 Aristophanes
410 2636 445 2702 in
461 2637 550 2703 Pace
567 2633 678 2706 lotz.

215 2765 270 2797 ‚r
331 2756 367 2786 '³
409 2764 418 2790 ¹
484 2766 492 2787 τ
569 2773 577 2794 ³
633 2765 643 2789 ἱ
721 2764 730 2790 ¹
910 2769 917 2798 ι

206 2776 328 2868 εξιολης
344 2776 474 2842 απολοι
500 2826 513 2859 ,
543 2799 573 2842 ει
588 2798 640 2868 μη
657 2797 814 2845 πανσαιο
829 2779 992 2864 βαιαζων.

154 2927 176 2998 i
193 2951 222 2995 e.
242 2926 451 3018 dispereas,
478 2925 511 2993 si
526 2934 561 2992 te
577 2948 649 2994 non
665 2925 883 2994 destiturum
892 2935 1028 3019 putem.
1072 2927 1159 2995 Vide
1174 2951 1267 2996 enm·

156 3031 235 3099 dem
261 3030 328 3118 Eq
348 3025 434 3096 094.
488 3027 643 3113 Contra
634 3052 667 3095 ια
690 3030 852 3096 sententia
873 3031 964 3097 finali
988 3052 1056 3098 non
1077 3029 1168 3098 licuit
1188 3055 1266 3101 con·

155 3134 336 3203 iunctivum
349 3154 478 3222 ponere
494 3132 661 3223 Sophocli
675 3133 762 3200 Phil.
779 3108 866 3202 524.

208 3279 332 3375 donov
347 3286 489 3374 γίνοιτο
508 3311 600 3377 χειρι
594 3284 803 3380 πληρῶσαί
814 3312 921 3369 ποτε,

210 3383 259 3460 ἵν’
274 3392 314 3457 οἱ
327 3386 500 3480 Μυκῆναι
513 3393 642 3477 γνοῖεν,
670 3384 693 3482 η’
708 3381 863 3484 Σποίρτη
882 3383 944 3468 θ’,
970 3383 1030 3458 ὅτι

209 3485 254 3584 χή
269 3487 410 3581 Σκῦρος
426 3484 566 3583 α’νδραῖν
584 3485 742 3581 α’λιιίμων
758 3484 879 3586 μήτηρ
898 3491 976 3584 ἔφυ.

157 3646 247 3712 Nam
261 3643 288 3711 si
304 3651 390 3709 esset
407 3641 616 3712 coniunctivo
632 3666 727 3723 usus,
754 3644 800 3710 sic
821 3644 1032 3733 loqueretur,
1057 3651 1093 3710 ut
1117 3645 1174 3732 qui
1198 3646 1267 3712 voti

158 3771 193 3815 se
211 3754 405 3836 compotem
422 3745 571 3813 futurum
588 3770 654 3812 non
670 3746 846 3814 dubitaret.
880 3747 1014 3814 Eadem
1029 3750 1113 3814 ratio
1133 3756 1184 3816 est
1198 3748 1266 3817 ho-

158 3874 233 3918 rum
247 3873 418 3930 versuum,
446 3847 513 3920 Od.
530 3860 556 3932 ξ.
577 3848 665 3916 402.

210 3982 319 4073 ξεῖν,
343 3982 439 4057 οὕτω
454 4012 523 4080 γαρ
538 3989 597 4059 κέν
611 4010 677 4075 μοι
694 3982 886 4113 ε’ίιιιλείη
847 4014 869 4059 τ
902 3979 1018 4112 α’ροτη
1034 4014 1075 4057 τι

212 4090 265 4176 τίη
280 4093 323 4160 ἐπ
330 4081 567 4184 ἀνθρώπους
582 4087 660 4211 ἅμα
681 4118 704 4161 τ
737 4085 868 4161 αὐτίκα
885 4089 943 4160 καί
956 4091 1172 4180 μετέπειτα,

211 4187 249 4270 ὅς
267 4218 287 4262 σ
318 4189 394 4263 ἐπεὶ
406 4196 439 4271 ἐς
452 4191 627 4317 ηλισίην”
601 4218 737 4285 αγαγον
754 4221 811 4264 και
832 4191 943 4274 ξείνια
958 4191 1054 4264 notua
1064 4242 1075 4282 ,

213 4288 315 4373 αὕτίς
331 4293 368 4365 δὲ
386 4293 587 4386 κτείναιμι,
615 4292 816 4390 φί’”λονιλ
790 4323 862 4368 απο
879 4289 1002 4388 θνμόν
1019 4294 1176 4395 ἑλοίμην.
