2842 4920
471 341 605 403 nlnl
650 342 800 408 enno
896 354 905 365 ‘
1150 350 1195 415 88

86 531 143 601 Sic
156 529 252 623 apud
265 530 546 622 Thucydideml.
569 531 627 602 ³3.
654 534 833 604 Bekkcrns
854 536 979 606 edidit:
1004 531 1194 632 γενήσεται

87 633 166 709 dc*
146 640 234 726 υμῖν
265 637 501 727 πειθομένοις
527 631 659 732 καλή
637 664 658 732 η
681 639 851 760 ξυντυχιά
878 668 972 710 κατα
964 632 1110 712 πολλα
1133 642 1196 736 τῆς

87 736 264 833 ημετὲρας
281 736 419 826 χρειᾛατ
443 737 588 832 πρῶτον
610 741 678 829 μὲν
700 738 760 812 ὅτι
783 737 846 812 oria
869 739 1115 868 αδικοιμινσις
1135 745 1195 815 καὶ

87 842 234 966 ἐτέρους
254 837 460 932 βλάπτουσι
484 868 550 934 την
570 843 780 936 ἐπικουρίαν
802 837 1022 964 πριήσυσθι,
1053 847 1194 934 ἔπειτα,

87 942 166 1037 περὶ
180 942 254 1013 coin
269 941 449 1034 μεγίστων
469 937 740 1025 κινδυνεύοντας
758 939 966 1068 δεξάμενοι,
994 974 1039 1027 ως
1052 945 1097 1018 ἄν
1115 941 1195 1039 μοί-

88 1049 193 1117 λιστα
210 1072 283 1134 μετ
323 1037 544 1139 αἰιμνήοτου
568 1046 774 1143 μαρτυρίου
799 1041 866 1142 τήν
883 1042 992 1142 χάριν
1013 1055 1195 1122 καταθεῖ-

89 1155 167 1220 σθι.
220 1146 315 1215 Libri
337 1141 556 1266 ceratapon
577 1151 633 1216 vel
658 1150 894 1246 ναταθῆσθιε
927 1152 960 1217 in
981 1174 1048 1220 nno
1074 1152 1150 1219 cod.
1171 1181 1194 1248 η

89 1261 312 1320 acorrectore
335 1250 370 1316 in
386 1250 496 1339 spatio
514 1249 655 1319 duarum
669 1252 852 1320 litterarum
868 1277 994 1345 capace
1014 1264 1193 1326 exaratum.

88 1354 136 1422 llo
154 1365 249 1421 recte
263 1352 402 1442 quidem
417 1352 612 1423 Bekkerns:
640 1356 784 1423 sednon
800 1365 912 1425 tamen
933 1358 1115 1425 absurdum
1131 1368 1193 1444 est,

89 1456 179 1545 quod
195 1455 253 1523 Fr.
267 1454 429 1522 Volcmar
444 1454 666 1544 Fritzsclrins‚
698 1459 825 1526 iuvenis
843 1460 930 1528 bene
955 1461 991 1527 in
1016 1460 1068 1528 his
1101 1461 1194 1528 litte-

88 1560 128 1626 ris
155 1567 317 1642 versatus,
344 1559 552 1645 coniiciebat,
578 1554 846 1656 καταθήσεσθε.
897 1560 1043 1629 Omnino
1070 1572 1194 1649 antem,

89 1662 145 1730 nisi
160 1662 271 1743 fallor,
296 1662 330 1727 in
348 1661 498 1750 qualibet
513 1663 697 1729 accessoria
708 1672 807 1752 parte
825 1665 1006 1731 sententiae
1020 1663 1065 1736 dn
1081 1666 1194 1734 locum

88 1763 208 1849 habet,
243 1764 272 1831 si
293 1765 341 1830 illi
360 1764 423 1855 ipsi
447 1763 536 1853 parti
559 1764 687 1854 aliquid
705 1765 831 1833 fortuiti
854 1764 1111 1835 adscribendum
1132 1777 1192 1836 est.
1257 1781 1261 1790 ‘

90 1867 203 1951 Quare
224 1890 293 1935 non
315 1868 487 1934 soloecnm
508 1891 580 1936 csse
603 1877 707 1959 puto,
734 1868 829 1959 quod
842 1891 928 1938 unns
942 1870 1067 1939 alterve
1084 1870 1193 1940 codex

88 1970 118 2037 in
133 1969 306 2061 Aristoph.
321 1970 411 2037 Nub.
427 1965 512 2043 465.
523 1972 684 2062 praebet,

253 2115 326 2219 ἄρα
344 2116 651 2220 γεποῦτόἳνέγοὶ
664 2119 750 2198 ποτ’
862 2119 866 2125 ’

252 2222 416 2320 ὄψομαι;

88 2379 164 2447 Non
192 2378 281 2447 enim
301 2379 345 2447 ad
364 2380 530 2466 futurum,
557 2382 618 2450 sed
638 2358 682 2449 ad
697 2407 809 2456 τουτο
824 2381 1042 2451 referendum
1063 2381 1161 2452 est’'
1134 2411 1191 2458 αν

89 2482 192 2567 Quod
214 2484 407 2574 explicatius
429 2484 476 2551 ita
496 2485 605 2554 dicas:
633 2480 706 2579 ἄρα’
723 2513 763 2577 γε
784 2513 876 2558 τουτ
914 2483 959 2557 οἶν
981 2488 1054 2583 εἴη,
1088 2480 1210 2577 ddyoi
1251 2482 1254 2489 ¹

88 2612 157 2657 ποτ
189 2582 358 2679 ὅψομαι;
385 2585 518 2655 Caeten
530 2587 605 2655 libri
621 2596 655 2654 et
669 2588 807 2656 Surdas
834 2614 907 2681 αρα
920 2614 960 2678 γε
973 2613 1064 2659 τουτ
1106 2584 1192 2682 ἄρ,·

87 2684 304 2777 Venetae,
279 2682 352 2783 αροῖ
370 2717 410 2781 γε
427 2687 533 2762 τοῦτ’
548 2685 613 2787 οἶρ
622 2745 637 2780 ,
664 2701 701 2758 nt
716 2691 884 2783 Rerargrus
903 2689 1016 2758 edidit.
1069 2690 1140 2760 Sed
1154 2700 1192 2758 ut

88 2787 157 2910 ρῖρα
175 2741 303 2883 posl
279 2818 350 2885 αρα
373 2792 508 2861 defendi
529 2794 653 2885 possit,
680 2790 753 2891 αἷρα
776 2818 842 2862 non
858 2803 980 2886 potest
1034 2794 1192 2863 Similiter

87 2893 119 2961 in
142 2894 290 2961 Platonis
307 2894 551 2988 Phaedonep.
580 2894 640 2962 61
666 2895 705 2965 C.
733 2891 860 2987 σχεδον
881 2923 963 2977 ουν,
992 2893 1078 2979 ἐξ
1049 2925 1098 2969 ων
1123 2890 1192 2988 c'yoi

87 2993 274 3092 ᾔσθημαι,
310 2994 392 3070 συθ
417 2996 614 3077 ὁπωςτιοῦν
637 2997 682 3068 dn
705 3025 764 3070 σοι
788 2992 875 3069 ἑκών
900 2995 994 3069 εἶναι
1014 2997 1190 3069 πειᾛσιται

86 3098 151 3165 Ηίο
167 3121 304 3188 qnoque
320 3102 432 3168 nescio
450 3124 493 3166 an
505 3124 525 3195 a
537 3100 762 3192 grammaticis
774 3100 950 3190 expulsum
959 3096 1070 3186 sitan,
1097 3100 1192 3186 qnod

65 3202 181 3285 ‘abest
202 3203 238 3268 in
261 3204 462 3271 membranis
491 3203 683 3271 Bodleianis
713 3212 748 3270 et
769 3203 838 3270 aliis
860 3200 1062 3291 quibusdam
1088 3200 1189 3270 codd.

86 3304 288 3396 Xenophon.
317 3304 446 3398 Cyrop.
470 3306 543 3379 Vll.
566 3304 602 3394 5,
626 3305 685 3374 21.
708 3306 773 3378 νῦν
790 3301 824 3378 d'
846 3303 906 3379 ἐπ’
931 3297 1063 3385 αὐτους
1079 3305 1190 3396 ἴωμεν

86 3410 123 3479 ἐν
149 3405 179 3502 ᾦ
202 3406 328 3481 πολλοὶ
351 3410 419 3501 μὲν
442 3404 563 3481 αὐτῶν
589 3403 824 3497 καθεύδουσι,
857 3406 984 3480 πολλοὶ
1008 3402 1044 3479 d’
1069 3404 1191 3480 αὐτῶν

85 3503 290 3600 μεθύουσι,
323 3506 455 3591 πάντες
485 3511 522 3583 δὲ
554 3505 775 3583 ἀσύντακτοί
798 3515 905 3582 εἰσιν·
946 3508 1038 3582 ὅταν
1067 3510 1191 3582 δὲκαὶ

86 3613 291 3685 αἴσθωνται
311 3610 404 3708 ἡμᾶς
423 3615 526 3685 ἔνδον
542 3612 659 3694 ὄντας,
686 3607 779 3685 πολι]
798 3613 843 3685 ἄν
857 3614 913 3686 ἔτι
928 3611 1068 3704 μᾶλλον
1083 3609 1107 3707 ἢ
1124 3611 1191 3684 νῦν

86 3710 228 3808 οἷχρεῑοι
244 3715 391 3789 ἔσονται
408 3709 481 3787 lind
495 3712 565 3789 cod
579 3716 834 3808 ἐκπεπλῆχθαι.
885 3714 975 3781 Huic
987 3714 1065 3780 loco
1084 3713 1190 3792 simil-

86 3816 181 3884 limus
200 3825 251 3884 est
272 3816 327 3885 hic
354 3816 514 3885 Dinarchi
530 3819 565 3885 in
583 3812 811 3911 Demosth.§.
835 3815 920 3883 111.
938 3814 1056 3906 pte.
1072 3816 1189 3888 Reisk.

85 3945 194 4043 μρ
150 3946 217 3991 σου
237 3917 401 4008 αχθεσθε
423 3917 537 3992 αὐτου
523 3919 739 4000 ’κλαίοντος
752 3948 812 3991 ναι
804 3915 1070 4043 ὀδυρομένου·
1097 3913 1190 3991 πολυ

86 4047 152 4116 γαρ
170 4020 215 4093 oia
230 4015 459 4146 δικαιότερον
475 4017 644 4145 &loricato
649 4016 717 4119 τήν
732 4015 871 4143 χώραν,
898 4019 942 4114 ἢν
957 4015 1063 4102 οὗτος
1079 4023 1191 4094 κατέ-

87 4149 212 4246 στηστν
235 4127 284 4204 εἰς
303 4118 508 4212 κινδύνους,
534 4125 691 4199 τοιαῦτα
708 4116 889 4216 πράττων
941 4123 1119 4190 Bekkerns
1142 4125 1189 4193 ibi

88 4219 267 4322 ἐλεήσαιτε
285 4249 327 4331 cx
343 4229 533 4295 coniectura
548 4228 663 4315 edidit,
679 4227 778 4294 valde
792 4228 849 4293 illa
865 4225 1001 4316 quidem
1008 4226 1189 4317 probabili,

88 4326 146 4393 sed
166 4337 280 4397 tamen
302 4351 371 4397 non
394 4329 566 4405 evidenter
587 4330 782 4400 neccssaria.
834 4331 913 4399 Non
933 4336 1046 4420 potest
1070 4351 1190 4421 repre

136 4445 255 4516 Henn.
278 4447 345 4521 ΟΡ.
371 4450 428 4518 IV.
951 4446 982 4518 0
