2842 4920
199 353 244 415 ffl
564 345 623 406 DE
642 336 921 406 Pullumvuu
943 338 987 407 ἂν

67 588 72 595 -
204 536 310 629 Apud
323 534 454 604 Atticos
470 532 557 603 haee
570 534 840 626 frequentissima
854 542 948 622 sunt,
974 540 1012 600 ut
1025 530 1064 606 ri
1077 532 1152 628 φῶς
1174 533 1323 673 Euripi-

206 639 267 709 des
284 639 370 708 Hec.
387 633 501 707 1057

257 819 310 890 πᾳ
296 791 397 887 doh
422 790 477 888 πᾷ
490 789 587 882 στῶς
612 817 664 888 πᾳ
651 790 792 866 adom
800 818 814 883 ,·

205 945 379 1038 Aristoph.
394 947 484 1017 Ran.
499 943 534 1014 l.

258 1101 347 1202 εἴπω
365 1127 404 1173 τι
421 1096 495 1172 τοῖν
510 1090 719 1189 εἰωθότως

206 1252 306 1321 Patet
325 1251 516 1319 huiusmodi
540 1252 726 1320 orationem
747 1250 929 1342 ellipticam
945 1274 1035 1336 esse,
1063 1258 1099 1317 ut
1118 1250 1325 1342 intelligatur

208 1355 331 1425 nescio
346 1364 403 1422 aut
425 1355 547 1424 nescio
564 1378 633 1440 απ,
658 1356 714 1423 vel
729 1356 835 1423 simile
853 1355 946 1444 quid.
999 1354 1115 1439 Quare
1132 1354 1158 1420 si
1172 1354 1240 1421 hoc
1259 1377 1325 1446 ge·

208 1481 270 1527 nus
290 1460 324 1527 in
353 1458 491 1550 obliqua
518 1460 783 1550 interrogatione
804 1466 1004 1549 usurpatur,
1037 1457 1119 1524 nihil
1142 1456 1258 1524 differt
1280 1459 1323 1524 ab

208 1571 301 1631 recta
320 1562 602 1654 interrogatione,
628 1572 666 1629 ut
684 1585 787 1651 quam
799 1585 838 1630 re
854 1584 936 1628 vera
950 1563 1061 1653 ipsam
1082 1583 1218 1650 quoque
1235 1562 1324 1628 obli-

209 1688 311 1754 quam
331 1674 452 1755 putare
468 1673 634 1756 oporteat.
687 1666 886 1734 Deliberare
905 1675 1018 1733 autem
1031 1665 1114 1753 quid
1130 1663 1325 1751 faciendum

208 1770 269 1851 sit,
297 1778 332 1837 et
350 1757 385 1835 in
402 1770 522 1837 nostris
538 1768 640 1836 rebus
663 1778 698 1835 et
715 1769 751 1835 in
769 1769 882 1837 alienis
900 1790 1090 1859 possumus.
1142 1767 1241 1834 Vnde
1266 1767 1324 1834 hie

209 1871 438 1939 coniunctims
457 1872 606 1938 omnium
618 1893 841 1961 personarum
855 1879 915 1939 est.
968 1871 1016 1939 Vt
1030 1871 1125 1960 quod
1139 1871 1232 1963 apud
1250 1871 1325 1939 Eu-

208 1974 355 2067 ripidem
370 1983 421 2042 est
435 1975 469 2042 in
486 1972 610 2042 Oreste
627 1972 714 2041 779.

262 2120 356 2200 atto?
369 2122 452 2223 δῆτ’
467 2127 585 2218 ἔλθοις

210 2302 238 2348 ει
226 2278 296 2346 de
312 2279 396 2365 alio,
422 2303 481 2367 qm
470 2277 682 2348 mittendus
703 2288 806 2368 esset,
832 2279 1027 2369 loqueretur
1047 2277 1204 2367 Orestem
1230 2289 1328 2349 recte

210 2383 349 2469 diceret,
364 2377 457 2455 a'ttd
476 2378 560 2480 δῆτ
570 2384 677 2480 ἔλθῃς
702 2383 834 2452 Non
790 2406 899 2452 minus
913 2391 1018 2469 recte,
1033 2407 1062 2450 ει
1051 2381 1229 2473 Pylades,
1247 2384 1327 2470 qui-

210 2509 288 2554 cum
304 2486 471 2575 loquitur,
498 2496 587 2555 esset
611 2458 809 2573 mittendus,
842 2486 922 2554 huic
946 2486 1093 2570 diceret,
1123 2477 1216 2558 ἀλλσῖ
1240 2482 1326 2579 δῆτ’

210 2590 338 2711 dona·
361 2589 608 2659 Demosthenes
626 2590 670 2660 de
688 2614 805 2683 corp
820 2587 906 2676 268,
923 2583 1193 2713 ιιῆεηιὲπι
1205 2614 1326 2661 ταυτα

210 2717 458 2788 πορευσσμαι,
492 2692 676 2766 τοσοῦτον
711 2687 825 2766 odada
833 2685 1052 2814 ἐρωτήσας·
1091 2683 1250 2785 πότερόν
1285 2692 1329 2764 σε’

209 2820 279 2876 τις,
305 2793 548 2891 Alexim*
500 2822 564 2887 της
578 2789 711 2877 πόλεως
727 2788 902 2889 ἑχθρόι
879 2822 900 2890 η
916 2788 1007 2885 ἐμοι
1024 2791 1118 2866 εἶναι
1131 2791 1202 2888 φῇς
1227 2792 1325 2860 Idem

195 2896 245 2964 'in
265 2896 409 2971 Androt.
427 2922 464 2990 p.
478 2895 566 2985 613,
588 2894 685 2967 3.
650 2927 731 2971 ειτσι
753 2893 871 2973 ταῦθ’
889 2892 995 2969 οὗτοι
1013 2896 1216 2970 πεισθῶσιν
1234 2893 1325 2992 νπὲρ

211 2995 334 3072 αὐτῶν
357 3026 397 3073 σε
422 3007 565 3089 ποιεῖν,
591 2999 651 3073 καὶ
670 2995 720 3074 ad
742 3001 805 3095 τῆς
830 3000 892 3097 σῆς
915 2995 1157 3096 αἰαισθησίας
1178 2996 1237 3069 καὶ
1261 3024 1326 3070 πσ-

211 3102 334 3198 upplan
357 3104 445 3199 ἔργα
469 3100 531 3198 ἐφ’
553 3098 705 3185 deurode
726 3101 992 3186 ἁποδέξωιταις
1019 3102 1091 3172 Sed
1113 3101 1208 3193 quod
1230 3101 1326 3193 apud

211 3205 411 3298 Euripidem
425 3208 568 3299 legitur,
593 3208 698 3281 Hero.
715 3208 781 3281 fur.
801 3203 913 3274 1417.

314 3385 387 3438 πως
406 3355 471 3430 oliv
490 3360 549 3432 ἔτ
567 3360 666 3455 &didm
682 3386 743 3432 ΟΠ
763 3360 1010 3450 συνδσῒαλμαι
1027 3363 1169 3447 κακοῖς,

211 3531 332 3579 vereor
353 3519 391 3578 ut
407 3512 557 3602 potuerit
581 3536 648 3604 pro
675 3507 803 3639 μηκέτ
826 3507 891 3585 odo
915 3513 1013 3608 εἴπης
1037 3511 1121 3599 dici,
1154 3519 1192 3579 ut
1211 3512 1324 3604 potius

212 3614 429 3682 scribendum
453 3614 605 3684 videatur
626 3615 700 3697 πῶς
726 3610 792 3688 οὖν
818 3612 982 3695 εἰίπτεις
1024 3615 1102 3682 Non
1123 3615 1170 3682 ita
1189 3615 1324 3684 incon

212 3717 361 3786 iunctivo
388 3717 618 3807 adhortatim,
655 3741 860 3810 quamquam
892 3719 921 3786 is
948 3719 1087 3811 proprie
1113 3718 1196 3785 nihil
1222 3717 1326 3804 aliud,

212 3841 316 3908 quam
335 3821 573 3891 deliberativas
600 3830 662 3894 est.
716 3820 787 3890 Cur
802 3822 909 3891 vero?
934 3823 1069 3912 Nempe
1085 3822 1131 3889 ob
1151 3821 1212 3888 id
1202 3844 1326 3914 ipsum,

213 3924 291 4012 quia
304 3926 444 4016 proprie
463 3935 515 3994 est
530 3926 778 3995 deliberativas.
829 3927 919 3993 Nam
932 3925 1156 4015 nosmetipsos
1174 3924 1255 4013 quid
1270 3926 1325 3992 fa-

215 4047 292 4092 cere
318 4035 474 4117 oporteat
499 4052 603 4118 quum
623 4030 865 4118 deliberamus,
890 4029 925 4095 in
945 4050 986 4095 eo
1005 4051 1139 4112 samue,
1165 4038 1204 4096 ut
1218 4029 1255 4096 id
1274 4028 1325 4096 fa-

215 4129 358 4196 ciamus:
392 4153 461 4220 quo
496 4134 552 4217 fit,
586 4141 624 4200 ut
652 4133 708 4199 hic
736 4132 971 4200 deliberativus
1004 4131 1231 4199 coniunctivus
1260 4131 1326 4199 ad-

213 4230 394 4300 hortationi
415 4233 630 4304 adhibeatur:
658 4258 763 4325 quum
774 4259 856 4303 vero
873 4234 1116 4325 deliberamus,
1143 4234 1226 4325 qnid
1242 4235 1326 4304 alios

212 4334 327 4405 facere
344 4337 538 4427 conveniat,
564 4339 649 4408 nihil
672 4338 756 4409 illud
780 4339 827 4408 ad
846 4339 981 4407 illorum
995 4339 1203 4408 voluntatem
1217 4340 1326 4433 perti-
