<?xml version="1.0" encoding="UTF-8"?>
<!DOCTYPE html PUBLIC "-//W3C//DTD XHTML 1.0 Transitional//EN"
    "http://www.w3.org/TR/xhtml1/DTD/xhtml1-transitional.dtd">
<html xmlns="http://www.w3.org/1999/xhtml" xml:lang="en" lang="en">
 <head>
  <title>
</title>
<meta http-equiv="Content-Type" content="text/html;charset=utf-8" />
  <meta name='ocr-system' content='tesseract 3.04.00' />
  <meta name='ocr-capabilities' content='ocr_page ocr_carea ocr_par ocr_line ocrx_word'/>
</head>
<body>
  <div class='ocr_page' id='page_1' title='image "./opuscula00hermgoog_0268.png"; bbox 0 0 2842 4920; ppageno 0'>
   <div class='ocr_carea' id='block_1_1' title="bbox 151 328 1005 401">
    <p class='ocr_par' dir='ltr' id='par_1_1' title="bbox 151 328 1005 401">
     <span class='ocr_line' id='line_1_1' title="bbox 151 328 1005 401; baseline -0.007 0"><span class='ocrx_word' id='word_1_1' title='bbox 151 338 216 401; x_wconf 71' lang='lat'><strong>244</strong></span> <span class='ocrx_word' id='word_1_2' title='bbox 395 328 825 393; x_wconf 75' lang='lat' dir='ltr'><strong>urnnssranscrls</strong></span> <span class='ocrx_word' id='word_1_3' title='bbox 847 330 1005 395; x_wconf 83' lang='lat' dir='ltr'><strong>ELEGl.</strong></span> 
     </span>
    </p>
   </div>
   <div class='ocr_carea' id='block_1_2' title="bbox 174 516 1261 1031">
    <p class='ocr_par' dir='ltr' id='par_1_2' title="bbox 174 516 1261 1031">
     <span class='ocr_line' id='line_1_2' title="bbox 307 516 974 620; baseline 0.001 -26"><span class='ocrx_word' id='word_1_4' title='bbox 307 521 509 620; x_wconf 77' lang='grc' dir='ltr'><strong><em>κνημωθεῦς</em></strong></span> <span class='ocrx_word' id='word_1_5' title='bbox 524 516 664 615; x_wconf 80' lang='grc' dir='ltr'><strong><em>κοῦμους</em></strong></span> <span class='ocrx_word' id='word_1_6' title='bbox 680 521 757 612; x_wconf 85' lang='grc' dir='ltr'><strong><em>σι’χε</em></strong></span> <span class='ocrx_word' id='word_1_7' title='bbox 772 516 974 618; x_wconf 75' lang='grc' dir='ltr'><strong><em>σονεξοιμῦη</em></strong></span> 
     </span>
     <span class='ocr_line' id='line_1_3' title="bbox 258 617 1261 724; baseline 0.001 -26"><span class='ocrx_word' id='word_1_8' title='bbox 258 624 369 722; x_wconf 58' lang='lat' dir='ltr'><strong>sintae</strong></span> <span class='ocrx_word' id='word_1_9' title='bbox 388 619 423 697; x_wconf 79' lang='grc' dir='ltr'><strong>δ’</strong></span> <span class='ocrx_word' id='word_1_10' title='bbox 436 617 642 719; x_wconf 77' lang='grc' dir='ltr'><em>Ἑρμόβιον</em></span> <span class='ocrx_word' id='word_1_11' title='bbox 657 617 724 697; x_wconf 78' lang='grc' dir='ltr'><strong>τάν</strong></span> <span class='ocrx_word' id='word_1_12' title='bbox 738 621 794 699; x_wconf 74' lang='lat' dir='ltr'><strong>atat</strong></span> <span class='ocrx_word' id='word_1_13' title='bbox 809 618 928 720; x_wconf 78' lang='grc' dir='ltr'><strong><em>βοράν</em></strong></span> <span class='ocrx_word' id='word_1_14' title='bbox 936 678 950 714; x_wconf 91' lang='lat'><em>,</em></span> <span class='ocrx_word' id='word_1_15' title='bbox 977 620 1062 700; x_wconf 79' lang='lat' dir='ltr'><strong>aridi</strong></span> <span class='ocrx_word' id='word_1_16' title='bbox 1078 626 1261 724; x_wconf 80' lang='grc' dir='ltr'><strong><em>Φερέκλην</em></strong></span> 
     </span>
     <span class='ocr_line' id='line_1_4' title="bbox 174 719 1090 825; baseline 0.003 -29"><span class='ocrx_word' id='word_1_17' title='bbox 174 727 231 797; x_wconf 71' lang='grc'><strong>40</strong></span> <span class='ocrx_word' id='word_1_18' title='bbox 307 720 444 823; x_wconf 75' lang='grc' dir='ltr'><strong><em>ἐχθράν</em></strong></span> <span class='ocrx_word' id='word_1_19' title='bbox 456 719 612 821; x_wconf 81' lang='grc' dir='ltr'><strong><em>μισήσας</em></strong></span> <span class='ocrx_word' id='word_1_20' title='bbox 629 721 752 801; x_wconf 80' lang='grc' dir='ltr'><strong><em>τοιάδ’</em></strong></span> <span class='ocrx_word' id='word_1_21' title='bbox 767 728 928 822; x_wconf 82' lang='grc' dir='ltr'><strong><em>ἔπεμψεν</em></strong></span> <span class='ocrx_word' id='word_1_22' title='bbox 942 729 1020 825; x_wconf 81' lang='grc' dir='ltr'><strong><em>ἔπη.</em></strong></span> <span class='ocrx_word' id='word_1_23' title='bbox 1087 730 1090 735; x_wconf 74' lang='grc'>’</span> 
     </span>
     <span class='ocr_line' id='line_1_5' title="bbox 256 825 1142 928; baseline -0.007 -23"><span class='ocrx_word' id='word_1_24' title='bbox 256 828 380 926; x_wconf 80' lang='grc' dir='ltr'><strong><em>Λυδῆς</em></strong></span> <span class='ocrx_word' id='word_1_25' title='bbox 395 825 429 902; x_wconf 81' lang='grc' dir='ltr'><strong>δ’</strong></span> <span class='ocrx_word' id='word_1_26' title='bbox 443 825 667 922; x_wconf 79' lang='grc' dir='ltr'><strong><em>Ἀντίμαχος</em></strong></span> <span class='ocrx_word' id='word_1_27' title='bbox 680 832 861 926; x_wconf 81' lang='grc' dir='ltr'><strong><em>Λοιηΐῦος</em></strong></span> <span class='ocrx_word' id='word_1_28' title='bbox 876 835 912 903; x_wconf 81' lang='grc' dir='ltr'><strong>ἐκ</strong></span> <span class='ocrx_word' id='word_1_29' title='bbox 926 830 995 922; x_wconf 77' lang='grc' dir='ltr'><strong>μῦν</strong></span> <span class='ocrx_word' id='word_1_30' title='bbox 1011 831 1142 928; x_wconf 84' lang='grc' dir='ltr'><strong><em>ἔρωτος</em></strong></span> 
     </span>
     <span class='ocr_line' id='line_1_6' title="bbox 308 927 1148 1031; baseline 0 -27"><span class='ocrx_word' id='word_1_31' title='bbox 308 929 468 1030; x_wconf 75' lang='grc' dir='ltr'><strong><em>πληγείς,</em></strong></span> <span class='ocrx_word' id='word_1_32' title='bbox 495 933 698 1008; x_wconf 79' lang='grc' dir='ltr'><strong><em>Πακτωλοῦ</em></strong></span> <span class='ocrx_word' id='word_1_33' title='bbox 712 927 821 1030; x_wconf 77' lang='grc' dir='ltr'><strong><em>ῥεῦμ’</em></strong></span> <span class='ocrx_word' id='word_1_34' title='bbox 837 933 944 1031; x_wconf 73' lang='grc' dir='ltr'><strong><em>ἐπέβη</em></strong></span> <span class='ocrx_word' id='word_1_35' title='bbox 958 930 1148 1027; x_wconf 87' lang='grc' dir='ltr'><strong><em>ποταμοῦ·</em></strong></span> 
     </span>
    </p>
   </div>
   <div class='ocr_carea' id='block_1_3' title="bbox 327 1128 362 1136">
    <p class='ocr_par' dir='ltr' id='par_1_3' title="bbox 327 1128 362 1136">
     <span class='ocr_line' id='line_1_7' title="bbox 327 1128 362 1136; baseline 0.029 -1"><span class='ocrx_word' id='word_1_36' title='bbox 327 1128 362 1136; x_wconf 69' lang='grc'><strong>..-</strong></span> 
     </span>
    </p>
   </div>
   <div class='ocr_carea' id='block_1_4' title="bbox 91 1229 1263 1830">
    <p class='ocr_par' dir='ltr' id='par_1_4' title="bbox 91 1229 1263 1830">
     <span class='ocr_line' id='line_1_8' title="bbox 155 1229 1261 1321; baseline -0.001 -22"><span class='ocrx_word' id='word_1_37' title='bbox 155 1237 286 1299; x_wconf 88' lang='lat' dir='ltr'><strong>Venetus</strong></span> <span class='ocrx_word' id='word_1_38' title='bbox 299 1231 428 1299; x_wconf 75' lang='grc' dir='ltr'><strong><em>πολλάκι</em></strong></span> <span class='ocrx_word' id='word_1_39' title='bbox 443 1230 527 1321; x_wconf 79' lang='grc' dir='ltr'><strong><em>λάτρο</em></strong></span> <span class='ocrx_word' id='word_1_40' title='bbox 536 1282 545 1311; x_wconf 85' lang='grc'><em>,</em></span> <span class='ocrx_word' id='word_1_41' title='bbox 567 1235 731 1321; x_wconf 69' lang='grc' dir='ltr'><strong><em>πολλοστῷ,</em></strong></span> <span class='ocrx_word' id='word_1_42' title='bbox 754 1235 816 1297; x_wconf 86' lang='lat' dir='ltr'><strong>Pal.</strong></span> <span class='ocrx_word' id='word_1_43' title='bbox 831 1231 959 1298; x_wconf 79' lang='grc' dir='ltr'><strong><em>πολλάκι</em></strong></span> <span class='ocrx_word' id='word_1_44' title='bbox 976 1229 1080 1315; x_wconf 80' lang='grc' dir='ltr'><strong><em>μοῦσα,</em></strong></span> <span class='ocrx_word' id='word_1_45' title='bbox 1102 1234 1171 1296; x_wconf 88' lang='lat' dir='ltr'><strong>edd.</strong></span> <span class='ocrx_word' id='word_1_46' title='bbox 1188 1240 1261 1298; x_wconf 89' lang='grc' dir='ltr'><strong><em>πολ·</em></strong></span> 
     </span>
     <span class='ocr_line' id='line_1_9' title="bbox 155 1314 1262 1406; baseline -0.005 -20"><span class='ocrx_word' id='word_1_47' title='bbox 155 1319 193 1386; x_wconf 85' lang='grc' dir='ltr'><strong>λά</strong></span> <span class='ocrx_word' id='word_1_48' title='bbox 210 1314 342 1406; x_wconf 77' lang='grc' dir='ltr'><strong><em>κιμάτρι.</em></strong></span> <span class='ocrx_word' id='word_1_49' title='bbox 386 1321 421 1379; x_wconf 92' lang='lat' dir='ltr'><strong>ln</strong></span> <span class='ocrx_word' id='word_1_50' title='bbox 434 1328 577 1399; x_wconf 91' lang='lat' dir='ltr'><strong>sequente</strong></span> <span class='ocrx_word' id='word_1_51' title='bbox 592 1340 683 1380; x_wconf 88' lang='lat' dir='ltr'><strong>versu</strong></span> <span class='ocrx_word' id='word_1_52' title='bbox 698 1330 798 1381; x_wconf 88' lang='lat' dir='ltr'><strong>autem</strong></span> <span class='ocrx_word' id='word_1_53' title='bbox 815 1341 918 1380; x_wconf 90' lang='lat' dir='ltr'><strong>omnes</strong></span> <span class='ocrx_word' id='word_1_54' title='bbox 934 1320 1123 1401; x_wconf 80' lang='grc' dir='ltr'><strong><em>κνημαθείς,</em></strong></span> <span class='ocrx_word' id='word_1_55' title='bbox 1145 1329 1262 1401; x_wconf 87' lang='lat' dir='ltr'><strong>etpost</strong></span> 
     </span>
     <span class='ocr_line' id='line_1_10' title="bbox 155 1400 1261 1486; baseline -0.004 -18"><span class='ocrx_word' id='word_1_56' title='bbox 155 1407 285 1468; x_wconf 87' lang='lat' dir='ltr'><strong>Venetus</strong></span> <span class='ocrx_word' id='word_1_57' title='bbox 300 1417 330 1466; x_wconf 92' lang='lat' dir='ltr'><strong>et</strong></span> <span class='ocrx_word' id='word_1_58' title='bbox 339 1405 556 1466; x_wconf 77' lang='lat' dir='ltr'><strong>Laurentianus</strong></span> <span class='ocrx_word' id='word_1_59' title='bbox 571 1406 634 1483; x_wconf 73' lang='grc' dir='ltr'><strong><em>σίχε</em></strong></span> <span class='ocrx_word' id='word_1_60' title='bbox 648 1400 833 1486; x_wconf 83' lang='grc' dir='ltr'><strong><em>συνεξαμῦη,</em></strong></span> <span class='ocrx_word' id='word_1_61' title='bbox 856 1405 1006 1466; x_wconf 87' lang='lat' dir='ltr'><strong>Palatinus</strong></span> <span class='ocrx_word' id='word_1_62' title='bbox 1019 1425 1086 1464; x_wconf 90' lang='lat' dir='ltr'><strong>cum</strong></span> <span class='ocrx_word' id='word_1_63' title='bbox 1101 1403 1171 1467; x_wconf 89' lang='lat' dir='ltr'><strong>edd.</strong></span> <span class='ocrx_word' id='word_1_64' title='bbox 1187 1414 1261 1470; x_wconf 88' lang='lat' dir='ltr'><strong>vett.</strong></span> 
     </span>
     <span class='ocr_line' id='line_1_11' title="bbox 156 1491 1263 1573; baseline -0.006 -17"><span class='ocrx_word' id='word_1_65' title='bbox 156 1493 219 1573; x_wconf 80' lang='grc' dir='ltr'><strong><em>σι’χε</em></strong></span> <span class='ocrx_word' id='word_1_66' title='bbox 242 1491 420 1573; x_wconf 80' lang='grc' dir='ltr'><strong><em>σονῦραμλη.</em></strong></span> <span class='ocrx_word' id='word_1_67' title='bbox 465 1491 565 1564; x_wconf 89' lang='lat' dir='ltr'><strong>Quum</strong></span> <span class='ocrx_word' id='word_1_68' title='bbox 582 1491 775 1552; x_wconf 75' lang='lat' dir='ltr'><strong>Mimnermus</strong></span> <span class='ocrx_word' id='word_1_69' title='bbox 797 1491 909 1551; x_wconf 83' lang='lat' dir='ltr'>tibicen</span> <span class='ocrx_word' id='word_1_70' title='bbox 931 1492 995 1573; x_wconf 91' lang='lat' dir='ltr'><strong>ipss</strong></span> <span class='ocrx_word' id='word_1_71' title='bbox 1010 1491 1161 1551; x_wconf 79' lang='lat' dir='ltr'><strong>tibicinam</strong></span> <span class='ocrx_word' id='word_1_72' title='bbox 1178 1513 1263 1550; x_wconf 90' lang='lat' dir='ltr'><strong>ama·</strong></span> 
     </span>
     <span class='ocr_line' id='line_1_12' title="bbox 155 1576 1262 1660; baseline -0.001 -23"><span class='ocrx_word' id='word_1_73' title='bbox 155 1578 235 1638; x_wconf 90' lang='lat' dir='ltr'><strong>verit</strong></span> <span class='ocrx_word' id='word_1_74' title='bbox 259 1578 381 1651; x_wconf 82' lang='lat' dir='ltr'><strong>Nanuo,</strong></span> <span class='ocrx_word' id='word_1_75' title='bbox 404 1580 489 1659; x_wconf 75' lang='grc' dir='ltr'><strong><em>λατςῦ</em></strong></span> <span class='ocrx_word' id='word_1_76' title='bbox 509 1585 593 1635; x_wconf 90' lang='lat' dir='ltr'><strong>recta</strong></span> <span class='ocrx_word' id='word_1_77' title='bbox 613 1577 762 1657; x_wconf 87' lang='lat' dir='ltr'><strong>scriptum</strong></span> <span class='ocrx_word' id='word_1_78' title='bbox 782 1577 912 1636; x_wconf 85' lang='lat' dir='ltr'><strong>videtur.</strong></span> <span class='ocrx_word' id='word_1_79' title='bbox 956 1580 1075 1660; x_wconf 79' lang='lat' dir='ltr'><strong>Hotrqi,</strong></span> <span class='ocrx_word' id='word_1_80' title='bbox 1103 1576 1164 1653; x_wconf 75' lang='lat' dir='ltr'><strong>nisi</strong></span> <span class='ocrx_word' id='word_1_81' title='bbox 1181 1577 1262 1636; x_wconf 88' lang='lat' dir='ltr'><strong>forte</strong></span> 
     </span>
     <span class='ocr_line' id='line_1_13' title="bbox 155 1658 1262 1765; baseline -0.004 -39"><span class='ocrx_word' id='word_1_82' title='bbox 155 1664 265 1747; x_wconf 74' lang='grc' dir='ltr'><strong><em>σκολίῳ</em></strong></span> <span class='ocrx_word' id='word_1_83' title='bbox 278 1661 413 1765; x_wconf 87' lang='lat' dir='ltr'><strong>scripsit,</strong></span> <span class='ocrx_word' id='word_1_84' title='bbox 436 1661 614 1738; x_wconf 74' lang='lat' dir='ltr'><strong>exquisitius</strong></span> <span class='ocrx_word' id='word_1_85' title='bbox 631 1661 744 1722; x_wconf 89' lang='lat' dir='ltr'><strong>dictum</strong></span> <span class='ocrx_word' id='word_1_86' title='bbox 765 1662 802 1721; x_wconf 92' lang='lat' dir='ltr'><strong>de</strong></span> <span class='ocrx_word' id='word_1_87' title='bbox 817 1663 902 1722; x_wconf 89' lang='lat' dir='ltr'><strong>senili</strong></span> <span class='ocrx_word' id='word_1_88' title='bbox 917 1662 1007 1737; x_wconf 87' lang='lat' dir='ltr'><strong>tibia,</strong></span> <span class='ocrx_word' id='word_1_89' title='bbox 1029 1671 1063 1721; x_wconf 91' lang='lat' dir='ltr'><strong>ut</strong></span> <span class='ocrx_word' id='word_1_90' title='bbox 1077 1665 1176 1747; x_wconf 74' lang='grc' dir='ltr'><strong><em>πολιῷ</em></strong></span> <span class='ocrx_word' id='word_1_91' title='bbox 1189 1658 1262 1744; x_wconf 82' lang='grc' dir='ltr'><strong><em>γαΐα</em></strong></span> 
     </span>
     <span class='ocr_line' id='line_1_14' title="bbox 91 1744 1260 1830; baseline -0.004 -19"><span class='ocrx_word' id='word_1_92' title='bbox 91 1782 94 1789; x_wconf 91' lang='grc'><strong><em>·</em></strong></span> <span class='ocrx_word' id='word_1_93' title='bbox 155 1747 252 1822; x_wconf 85' lang='grc' dir='ltr'><strong><em>ῦεῦελς</em></strong></span> <span class='ocrx_word' id='word_1_94' title='bbox 264 1770 388 1830; x_wconf 80' lang='grc' dir='ltr'><strong><em>καμάτῳ</em></strong></span> <span class='ocrx_word' id='word_1_95' title='bbox 402 1744 547 1821; x_wconf 87' lang='lat' dir='ltr'><strong>Phaniae,</strong></span> <span class='ocrx_word' id='word_1_96' title='bbox 569 1747 650 1825; x_wconf 90' lang='lat' dir='ltr'><strong>quod</strong></span> <span class='ocrx_word' id='word_1_97' title='bbox 665 1746 860 1808; x_wconf 87' lang='lat' dir='ltr'><strong>Ruhnkenius</strong></span> <span class='ocrx_word' id='word_1_98' title='bbox 879 1747 994 1823; x_wconf 87' lang='lat' dir='ltr'><strong>attulit,</strong></span> <span class='ocrx_word' id='word_1_99' title='bbox 1015 1748 1046 1806; x_wconf 91' lang='lat' dir='ltr'><strong>in</strong></span> <span class='ocrx_word' id='word_1_100' title='bbox 1063 1745 1185 1808; x_wconf 79' lang='lat' dir='ltr'><strong>Anthol.</strong></span> <span class='ocrx_word' id='word_1_101' title='bbox 1199 1745 1260 1806; x_wconf 87' lang='lat' dir='ltr'><strong>Pal.</strong></span> 
     </span>
    </p>
   </div>
   <div class='ocr_carea' id='block_1_5' title="bbox 155 1829 1293 2508">
    <p class='ocr_par' dir='ltr' id='par_1_5' title="bbox 155 1829 1293 2337">
     <span class='ocr_line' id='line_1_15' title="bbox 157 1829 1261 1913; baseline -0.003 -20"><span class='ocrx_word' id='word_1_102' title='bbox 157 1834 219 1896; x_wconf 88' lang='lat' dir='ltr'><strong>vol.</strong></span> <span class='ocrx_word' id='word_1_103' title='bbox 237 1834 260 1895; x_wconf 91' lang='lat' dir='ltr'><strong>l.</strong></span> <span class='ocrx_word' id='word_1_104' title='bbox 281 1853 312 1913; x_wconf 76' lang='lat' dir='ltr'><strong>p.</strong></span> <span class='ocrx_word' id='word_1_105' title='bbox 333 1836 404 1899; x_wconf 81' lang='lat'><strong>288·</strong></span> <span class='ocrx_word' id='word_1_106' title='bbox 430 1852 476 1911; x_wconf 86' lang='lat' dir='ltr'><strong>ep.</strong></span> <span class='ocrx_word' id='word_1_107' title='bbox 497 1829 568 1900; x_wconf 77' lang='lat'><strong>294.</strong></span> <span class='ocrx_word' id='word_1_108' title='bbox 613 1832 689 1892; x_wconf 86' lang='lat' dir='ltr'><strong>Vide</strong></span> <span class='ocrx_word' id='word_1_109' title='bbox 717 1853 792 1912; x_wconf 88' lang='lat' dir='ltr'><strong>quae</strong></span> <span class='ocrx_word' id='word_1_110' title='bbox 813 1832 874 1892; x_wconf 87' lang='lat' dir='ltr'><strong>dixi</strong></span> <span class='ocrx_word' id='word_1_111' title='bbox 902 1831 940 1891; x_wconf 88' lang='lat' dir='ltr'><strong>ad</strong></span> <span class='ocrx_word' id='word_1_112' title='bbox 961 1831 1063 1911; x_wconf 82' lang='lat' dir='ltr'><strong>Eurip.</strong></span> <span class='ocrx_word' id='word_1_113' title='bbox 1085 1830 1261 1900; x_wconf 36' lang='lat' dir='ltr'><strong>Medum.</strong></span> 
     </span>
     <span class='ocr_line' id='line_1_16' title="bbox 156 1913 1261 1997; baseline 0.003 -20"><span class='ocrx_word' id='word_1_114' title='bbox 156 1917 291 1997; x_wconf 88' lang='lat' dir='ltr'><strong>Denique</strong></span> <span class='ocrx_word' id='word_1_115' title='bbox 307 1918 338 1976; x_wconf 91' lang='lat' dir='ltr'><strong>in</strong></span> <span class='ocrx_word' id='word_1_116' title='bbox 361 1922 455 1996; x_wconf 77' lang='grc' dir='ltr'><strong><em>στεῖχε</em></strong></span> <span class='ocrx_word' id='word_1_117' title='bbox 474 1914 691 1987; x_wconf 77' lang='lat' dir='ltr'><strong>Ruhnkenius,</strong></span> <span class='ocrx_word' id='word_1_118' title='bbox 719 1919 751 1977; x_wconf 90' lang='lat' dir='ltr'><strong>iu</strong></span> <span class='ocrx_word' id='word_1_119' title='bbox 774 1913 968 1992; x_wconf 74' lang='grc' dir='ltr'><strong><em>συνεξανύειν</em></strong></span> <span class='ocrx_word' id='word_1_120' title='bbox 989 1916 1097 1978; x_wconf 88' lang='lat' dir='ltr'><strong>incidit</strong></span> <span class='ocrx_word' id='word_1_121' title='bbox 1121 1916 1261 1995; x_wconf 84' lang='lat' dir='ltr'><strong>llgenius.</strong></span> 
     </span>
     <span class='ocr_line' id='line_1_17' title="bbox 155 1996 1293 2086; baseline 0.001 -23"><span class='ocrx_word' id='word_1_122' title='bbox 155 2003 282 2082; x_wconf 85' lang='lat' dir='ltr'><strong>Elegaus</strong></span> <span class='ocrx_word' id='word_1_123' title='bbox 297 2002 353 2063; x_wconf 84' lang='lat' dir='ltr'><strong>erit</strong></span> <span class='ocrx_word' id='word_1_124' title='bbox 368 2012 397 2061; x_wconf 91' lang='lat' dir='ltr'><strong>et</strong></span> <span class='ocrx_word' id='word_1_125' title='bbox 420 2003 563 2061; x_wconf 88' lang='lat' dir='ltr'><strong>sententia</strong></span> <span class='ocrx_word' id='word_1_126' title='bbox 580 2013 610 2062; x_wconf 93' lang='lat' dir='ltr'><strong>et</strong></span> <span class='ocrx_word' id='word_1_127' title='bbox 625 2002 738 2082; x_wconf 86' lang='lat' dir='ltr'><strong>dictio,</strong></span> <span class='ocrx_word' id='word_1_128' title='bbox 764 2003 787 2062; x_wconf 92' lang='lat' dir='ltr'><strong>si</strong></span> <span class='ocrx_word' id='word_1_129' title='bbox 802 2002 1025 2082; x_wconf 85' lang='lat' dir='ltr'><strong>scripserimus:</strong></span> <span class='ocrx_word' id='word_1_130' title='bbox 1048 2005 1145 2086; x_wconf 80' lang='grc' dir='ltr'><strong><em>πολιῷ</em></strong></span> <span class='ocrx_word' id='word_1_131' title='bbox 1163 1996 1196 2064; x_wconf 81' lang='grc' dir='ltr'><strong>δ’</strong></span> <span class='ocrx_word' id='word_1_132' title='bbox 1211 2000 1262 2064; x_wconf 66' lang='lat' dir='ltr'><strong>tut</strong></span> <span class='ocrx_word' id='word_1_133' title='bbox 1290 2064 1293 2069; x_wconf 81' lang='grc'>,</span> 
     </span>
     <span class='ocr_line' id='line_1_18' title="bbox 155 2082 1262 2172; baseline -0.003 -21"><span class='ocrx_word' id='word_1_134' title='bbox 155 2083 284 2151; x_wconf 77' lang='grc' dir='ltr'><strong><em>πολλάκι</em></strong></span> <span class='ocrx_word' id='word_1_135' title='bbox 298 2090 382 2172; x_wconf 78' lang='grc' dir='ltr'><strong><em>λωτῷ</em></strong></span> <span class='ocrx_word' id='word_1_136' title='bbox 398 2087 553 2167; x_wconf 74' lang='grc' dir='ltr'><strong><em>κημωθεὶς</em></strong></span> <span class='ocrx_word' id='word_1_137' title='bbox 569 2082 690 2166; x_wconf 83' lang='grc' dir='ltr'><strong><em>κάμοος</em></strong></span> <span class='ocrx_word' id='word_1_138' title='bbox 703 2095 795 2166; x_wconf 82' lang='grc' dir='ltr'><strong><em>στεῖχε</em></strong></span> <span class='ocrx_word' id='word_1_139' title='bbox 809 2083 1014 2162; x_wconf 82' lang='grc' dir='ltr'><strong><em>ουνεξανῦειν.</em></strong></span> <span class='ocrx_word' id='word_1_140' title='bbox 1023 2090 1048 2158; x_wconf 73' lang='lat'><strong>²)</strong></span> <span class='ocrx_word' id='word_1_141' title='bbox 1096 2084 1262 2168; x_wconf 79' lang='grc' dir='ltr'><strong><em>Κημοῦελς</em></strong></span> 
     </span>
     <span class='ocr_line' id='line_1_19' title="bbox 157 2170 1261 2256; baseline 0.003 -23"><span class='ocrx_word' id='word_1_142' title='bbox 157 2183 201 2233; x_wconf 89' lang='lat' dir='ltr'><strong>est</strong></span> <span class='ocrx_word' id='word_1_143' title='bbox 215 2173 346 2256; x_wconf 78' lang='grc' dir='ltr'><strong><em>φορβειᾷ</em></strong></span> <span class='ocrx_word' id='word_1_144' title='bbox 358 2170 494 2232; x_wconf 85' lang='lat' dir='ltr'><strong>vinctus:</strong></span> <span class='ocrx_word' id='word_1_145' title='bbox 516 2172 587 2231; x_wconf 84' lang='lat' dir='ltr'><strong>vide</strong></span> <span class='ocrx_word' id='word_1_146' title='bbox 609 2171 707 2235; x_wconf 87' lang='lat' dir='ltr'><strong>schol.</strong></span> <span class='ocrx_word' id='word_1_147' title='bbox 724 2171 880 2252; x_wconf 79' lang='lat' dir='ltr'><strong>Aristoph.</strong></span> <span class='ocrx_word' id='word_1_148' title='bbox 897 2172 936 2231; x_wconf 86' lang='lat' dir='ltr'><strong>ad</strong></span> <span class='ocrx_word' id='word_1_149' title='bbox 952 2174 1007 2250; x_wconf 84' lang='lat' dir='ltr'><strong>Eq.</strong></span> <span class='ocrx_word' id='word_1_150' title='bbox 1025 2172 1116 2236; x_wconf 76' lang='lat'><strong>1147.</strong></span> <span class='ocrx_word' id='word_1_151' title='bbox 1149 2172 1261 2249; x_wconf 79' lang='grc' dir='ltr'><strong><em>Συνεξ-</em></strong></span> 
     </span>
     <span class='ocr_line' id='line_1_20' title="bbox 156 2252 1178 2337; baseline -0.002 -16"><span class='ocrx_word' id='word_1_152' title='bbox 156 2252 262 2320; x_wconf 86' lang='grc' dir='ltr'><strong><em>ανῦειν</em></strong></span> <span class='ocrx_word' id='word_1_153' title='bbox 279 2265 396 2333; x_wconf 89' lang='lat' dir='ltr'><strong>autem,</strong></span> <span class='ocrx_word' id='word_1_154' title='bbox 416 2256 500 2334; x_wconf 88' lang='lat' dir='ltr'><strong>quod</strong></span> <span class='ocrx_word' id='word_1_155' title='bbox 515 2256 670 2315; x_wconf 87' lang='lat' dir='ltr'><strong>tibicinam</strong></span> <span class='ocrx_word' id='word_1_156' title='bbox 684 2257 749 2337; x_wconf 89' lang='lat' dir='ltr'><strong>ipse</strong></span> <span class='ocrx_word' id='word_1_157' title='bbox 762 2255 837 2315; x_wconf 85' lang='lat' dir='ltr'><strong>tibia</strong></span> <span class='ocrx_word' id='word_1_158' title='bbox 857 2276 965 2316; x_wconf 90' lang='lat' dir='ltr'><strong>canens</strong></span> <span class='ocrx_word' id='word_1_159' title='bbox 983 2256 1178 2335; x_wconf 82' lang='lat' dir='ltr'><strong>sequebatur.</strong></span> 
     </span>
    </p>

    <p class='ocr_par' dir='ltr' id='par_1_6' title="bbox 155 2333 1260 2508">
     <span class='ocr_line' id='line_1_21' title="bbox 240 2333 1260 2421; baseline -0.002 -16"><span class='ocrx_word' id='word_1_160' title='bbox 240 2345 291 2408; x_wconf 83' lang='lat'><strong>39.</strong></span> <span class='ocrx_word' id='word_1_161' title='bbox 316 2339 390 2401; x_wconf 78' lang='lat' dir='ltr'><strong>(lod.</strong></span> <span class='ocrx_word' id='word_1_162' title='bbox 403 2340 478 2400; x_wconf 85' lang='lat' dir='ltr'><strong>Ven.</strong></span> <span class='ocrx_word' id='word_1_163' title='bbox 494 2333 549 2418; x_wconf 76' lang='grc' dir='ltr'><strong>ἥδ’</strong></span> <span class='ocrx_word' id='word_1_164' title='bbox 559 2340 651 2401; x_wconf 89' lang='lat' dir='ltr'><strong>habet</strong></span> <span class='ocrx_word' id='word_1_165' title='bbox 671 2352 738 2402; x_wconf 87' lang='lat' dir='ltr'><strong>ante</strong></span> <span class='ocrx_word' id='word_1_166' title='bbox 758 2338 868 2420; x_wconf 75' lang='grc' dir='ltr'><strong><em>ἤχθεε,</em></strong></span> <span class='ocrx_word' id='word_1_167' title='bbox 890 2342 1108 2401; x_wconf 78' lang='lat' dir='ltr'><strong>Laurentianus</strong></span> <span class='ocrx_word' id='word_1_168' title='bbox 1126 2340 1159 2421; x_wconf 69' lang='grc' dir='ltr'><strong>η’.</strong></span> <span class='ocrx_word' id='word_1_169' title='bbox 1203 2340 1260 2403; x_wconf 77' lang='lat' dir='ltr'><strong>Cn·</strong></span> 
     </span>
     <span class='ocr_line' id='line_1_22' title="bbox 155 2418 1260 2508; baseline 0 -21"><span class='ocrx_word' id='word_1_170' title='bbox 155 2425 322 2499; x_wconf 84' lang='lat' dir='ltr'><strong>saubonus,</strong></span> <span class='ocrx_word' id='word_1_171' title='bbox 345 2444 438 2504; x_wconf 89' lang='lat' dir='ltr'><strong>quum</strong></span> <span class='ocrx_word' id='word_1_172' title='bbox 460 2418 516 2505; x_wconf 74' lang='grc' dir='ltr'><strong>ἠδὲ</strong></span> <span class='ocrx_word' id='word_1_173' title='bbox 540 2425 690 2508; x_wconf 73' lang='grc' dir='ltr'><strong><em>Φέρεκλον</em></strong></span> <span class='ocrx_word' id='word_1_174' title='bbox 712 2427 803 2486; x_wconf 87' lang='lat' dir='ltr'><strong>scribi</strong></span> <span class='ocrx_word' id='word_1_175' title='bbox 821 2427 935 2504; x_wconf 86' lang='lat' dir='ltr'><strong>voluit,</strong></span> <span class='ocrx_word' id='word_1_176' title='bbox 963 2423 1057 2507; x_wconf 75' lang='grc' dir='ltr'><strong><em>ἤχθεε</em></strong></span> <span class='ocrx_word' id='word_1_177' title='bbox 1079 2426 1204 2488; x_wconf 88' lang='lat' dir='ltr'><strong>videtur</strong></span> <span class='ocrx_word' id='word_1_178' title='bbox 1221 2426 1260 2487; x_wconf 86' lang='lat' dir='ltr'><strong>ab</strong></span> 
     </span>
    </p>
   </div>
   <div class='ocr_carea' id='block_1_6' title="bbox 28 2507 1261 2592">
    <p class='ocr_par' dir='ltr' id='par_1_7' title="bbox 28 2507 1261 2592">
     <span class='ocr_line' id='line_1_23' title="bbox 28 2507 1261 2592; baseline 0.005 -25"><span class='ocrx_word' id='word_1_179' title='bbox 28 2560 32 2567; x_wconf 93' lang='lat'>.</span> <span class='ocrx_word' id='word_1_180' title='bbox 155 2507 257 2592; x_wconf 76' lang='grc' dir='ltr'><strong><em>άχθέω</em></strong></span> <span class='ocrx_word' id='word_1_181' title='bbox 270 2512 429 2572; x_wconf 84' lang='lat' dir='ltr'><strong>derivasse.</strong></span> <span class='ocrx_word' id='word_1_182' title='bbox 474 2512 514 2571; x_wconf 80' lang='lat' dir='ltr'><strong>At</strong></span> <span class='ocrx_word' id='word_1_183' title='bbox 528 2511 562 2571; x_wconf 86' lang='lat' dir='ltr'><strong>id</strong></span> <span class='ocrx_word' id='word_1_184' title='bbox 575 2532 668 2590; x_wconf 90' lang='lat' dir='ltr'><strong>aeque</strong></span> <span class='ocrx_word' id='word_1_185' title='bbox 681 2512 857 2573; x_wconf 87' lang='lat' dir='ltr'><strong>inusitatum</strong></span> <span class='ocrx_word' id='word_1_186' title='bbox 874 2523 909 2572; x_wconf 93' lang='lat' dir='ltr'><strong>ut</strong></span> <span class='ocrx_word' id='word_1_187' title='bbox 926 2511 1031 2592; x_wconf 76' lang='grc' dir='ltr'><strong><em>ἐχθέοο.</em></strong></span> <span class='ocrx_word' id='word_1_188' title='bbox 1063 2512 1261 2574; x_wconf 83' lang='lat' dir='ltr'><strong>Ruhnkenius</strong></span> 
     </span>
    </p>
   </div>
   <div class='ocr_carea' id='block_1_7' title="bbox 102 2591 1271 4045">
    <p class='ocr_par' dir='ltr' id='par_1_8' title="bbox 102 2591 1271 3701">
     <span class='ocr_line' id='line_1_24' title="bbox 102 2591 1262 2678; baseline 0.001 -21"><span class='ocrx_word' id='word_1_189' title='bbox 102 2629 106 2636; x_wconf 78' lang='lat'><em>,</em></span> <span class='ocrx_word' id='word_1_190' title='bbox 155 2598 282 2677; x_wconf 89' lang='lat' dir='ltr'><strong>aliique,</strong></span> <span class='ocrx_word' id='word_1_191' title='bbox 304 2596 470 2678; x_wconf 86' lang='lat' dir='ltr'><strong>probantes</strong></span> <span class='ocrx_word' id='word_1_192' title='bbox 487 2596 566 2657; x_wconf 88' lang='lat' dir='ltr'><strong>illud</strong></span> <span class='ocrx_word' id='word_1_193' title='bbox 587 2598 756 2658; x_wconf 86' lang='lat' dir='ltr'><strong>Casauboni</strong></span> <span class='ocrx_word' id='word_1_194' title='bbox 776 2591 849 2676; x_wconf 76' lang='lat' dir='ltr'><strong>q&#39;di,</strong></span> <span class='ocrx_word' id='word_1_195' title='bbox 869 2618 907 2658; x_wconf 89' lang='lat' dir='ltr'><strong>ne</strong></span> <span class='ocrx_word' id='word_1_196' title='bbox 925 2597 1116 2658; x_wconf 87' lang='lat' dir='ltr'><strong>attenderunt</strong></span> <span class='ocrx_word' id='word_1_197' title='bbox 1139 2598 1262 2678; x_wconf 90' lang='lat' dir='ltr'><strong>quidem</strong></span> 
     </span>
     <span class='ocr_line' id='line_1_25' title="bbox 155 2677 1262 2765; baseline 0.003 -22"><span class='ocrx_word' id='word_1_198' title='bbox 155 2683 192 2743; x_wconf 90' lang='lat' dir='ltr'><strong>ad</strong></span> <span class='ocrx_word' id='word_1_199' title='bbox 206 2683 383 2743; x_wconf 78' lang='lat' dir='ltr'><strong>insolentem</strong></span> <span class='ocrx_word' id='word_1_200' title='bbox 399 2681 484 2741; x_wconf 90' lang='lat' dir='ltr'><strong>verbi</strong></span> <span class='ocrx_word' id='word_1_201' title='bbox 498 2684 632 2743; x_wconf 87' lang='lat' dir='ltr'><strong>formam.</strong></span> <span class='ocrx_word' id='word_1_202' title='bbox 652 2685 686 2742; x_wconf 90' lang='lat' dir='ltr'><strong>In</strong></span> <span class='ocrx_word' id='word_1_203' title='bbox 703 2692 892 2765; x_wconf 86' lang='lat' dir='ltr'><strong>pentametro</strong></span> <span class='ocrx_word' id='word_1_204' title='bbox 908 2683 970 2745; x_wconf 87' lang='lat' dir='ltr'><strong>Pal.</strong></span> <span class='ocrx_word' id='word_1_205' title='bbox 986 2703 1056 2742; x_wconf 91' lang='lat' dir='ltr'><strong>cum</strong></span> <span class='ocrx_word' id='word_1_206' title='bbox 1070 2683 1139 2745; x_wconf 87' lang='lat' dir='ltr'><strong>edd.</strong></span> <span class='ocrx_word' id='word_1_207' title='bbox 1154 2677 1262 2761; x_wconf 78' lang='grc' dir='ltr'><strong><em>τοιάδ’,</em></strong></span> 
     </span>
     <span class='ocr_line' id='line_1_26' title="bbox 154 2760 1261 2850; baseline 0.003 -24"><span class='ocrx_word' id='word_1_208' title='bbox 154 2769 243 2828; x_wconf 85' lang='lat' dir='ltr'><strong>Laur.</strong></span> <span class='ocrx_word' id='word_1_209' title='bbox 258 2760 393 2841; x_wconf 69' lang='grc' dir='ltr'><strong><em>τοῖανῦ,</em></strong></span> <span class='ocrx_word' id='word_1_210' title='bbox 411 2766 485 2826; x_wconf 88' lang='lat' dir='ltr'><strong>Van.</strong></span> <span class='ocrx_word' id='word_1_211' title='bbox 499 2769 584 2830; x_wconf 77' lang='grc' dir='ltr'><strong><em>τοίαν</em></strong></span> <span class='ocrx_word' id='word_1_212' title='bbox 598 2769 648 2827; x_wconf 87' lang='lat' dir='ltr'><strong>vel</strong></span> <span class='ocrx_word' id='word_1_213' title='bbox 663 2762 695 2829; x_wconf 86' lang='grc' dir='ltr'><strong>τ’</strong></span> <span class='ocrx_word' id='word_1_214' title='bbox 712 2791 789 2830; x_wconf 73' lang='lat' dir='ltr'><strong>otuu·</strong></span> <span class='ocrx_word' id='word_1_215' title='bbox 834 2769 881 2845; x_wconf 89' lang='lat' dir='ltr'><strong>Si,</strong></span> <span class='ocrx_word' id='word_1_216' title='bbox 903 2777 937 2827; x_wconf 90' lang='lat' dir='ltr'><strong>ut</strong></span> <span class='ocrx_word' id='word_1_217' title='bbox 953 2789 1009 2849; x_wconf 90' lang='lat' dir='ltr'><strong>par</strong></span> <span class='ocrx_word' id='word_1_218' title='bbox 1026 2778 1088 2845; x_wconf 90' lang='lat' dir='ltr'><strong>est,</strong></span> <span class='ocrx_word' id='word_1_219' title='bbox 1109 2789 1171 2828; x_wconf 89' lang='lat' dir='ltr'><strong>non</strong></span> <span class='ocrx_word' id='word_1_220' title='bbox 1183 2788 1261 2850; x_wconf 89' lang='lat' dir='ltr'><strong>pue-</strong></span> 
     </span>
     <span class='ocr_line' id='line_1_27' title="bbox 153 2849 1261 2932; baseline -0.001 -19"><span class='ocrx_word' id='word_1_221' title='bbox 153 2853 254 2914; x_wconf 83' lang='lat' dir='ltr'><strong>riliter</strong></span> <span class='ocrx_word' id='word_1_222' title='bbox 265 2852 297 2911; x_wconf 90' lang='lat' dir='ltr'><strong>in</strong></span> <span class='ocrx_word' id='word_1_223' title='bbox 314 2849 470 2911; x_wconf 87' lang='lat' dir='ltr'><strong>vocabulis</strong></span> <span class='ocrx_word' id='word_1_224' title='bbox 486 2872 576 2913; x_wconf 89' lang='lat' dir='ltr'><strong>sensu</strong></span> <span class='ocrx_word' id='word_1_225' title='bbox 595 2853 764 2913; x_wconf 84' lang='lat' dir='ltr'><strong>carentibus</strong></span> <span class='ocrx_word' id='word_1_226' title='bbox 780 2851 902 2928; x_wconf 85' lang='lat' dir='ltr'><strong>ludere,</strong></span> <span class='ocrx_word' id='word_1_227' title='bbox 925 2852 979 2914; x_wconf 87' lang='lat' dir='ltr'><strong>sed</strong></span> <span class='ocrx_word' id='word_1_228' title='bbox 990 2852 1024 2912; x_wconf 87' lang='lat' dir='ltr'><strong>id</strong></span> <span class='ocrx_word' id='word_1_229' title='bbox 1044 2874 1189 2932; x_wconf 87' lang='lat' dir='ltr'><strong>quaerere</strong></span> <span class='ocrx_word' id='word_1_230' title='bbox 1206 2875 1261 2914; x_wconf 87' lang='lat' dir='ltr'><strong>vo·</strong></span> 
     </span>
     <span class='ocr_line' id='line_1_28' title="bbox 155 2936 1261 3039; baseline 0.002 -42"><span class='ocrx_word' id='word_1_231' title='bbox 155 2939 267 3014; x_wconf 83' lang='lat' dir='ltr'><strong>lomus,</strong></span> <span class='ocrx_word' id='word_1_232' title='bbox 287 2936 369 3039; x_wconf 85' lang='lat' dir='ltr'><strong>quod</strong></span> <span class='ocrx_word' id='word_1_233' title='bbox 382 2936 481 2997; x_wconf 90' lang='lat' dir='ltr'><strong>dicere</strong></span> <span class='ocrx_word' id='word_1_234' title='bbox 496 2947 586 3019; x_wconf 86' lang='lat' dir='ltr'><strong>poeta</strong></span> <span class='ocrx_word' id='word_1_235' title='bbox 600 2938 649 2998; x_wconf 87' lang='lat' dir='ltr'><strong>vel</strong></span> <span class='ocrx_word' id='word_1_236' title='bbox 663 2939 797 3020; x_wconf 87' lang='lat' dir='ltr'><strong>potuerit</strong></span> <span class='ocrx_word' id='word_1_237' title='bbox 807 2940 857 2999; x_wconf 85' lang='lat' dir='ltr'><strong>vel</strong></span> <span class='ocrx_word' id='word_1_238' title='bbox 870 2937 1017 3015; x_wconf 84' lang='lat' dir='ltr'><strong>debuerit,</strong></span> <span class='ocrx_word' id='word_1_239' title='bbox 1041 2950 1178 3020; x_wconf 90' lang='lat' dir='ltr'><strong>apertum</strong></span> <span class='ocrx_word' id='word_1_240' title='bbox 1196 2959 1261 3000; x_wconf 87' lang='lat' dir='ltr'><strong>esse</strong></span> 
     </span>
     <span class='ocr_line' id='line_1_29' title="bbox 157 3018 1261 3103; baseline 0 -19"><span class='ocrx_word' id='word_1_241' title='bbox 157 3023 306 3097; x_wconf 78' lang='lat' dir='ltr'><strong>arbitror,</strong></span> <span class='ocrx_word' id='word_1_242' title='bbox 328 3022 406 3081; x_wconf 90' lang='lat' dir='ltr'><strong>hanc</strong></span> <span class='ocrx_word' id='word_1_243' title='bbox 422 3022 454 3083; x_wconf 92' lang='lat' dir='ltr'><strong>in</strong></span> <span class='ocrx_word' id='word_1_244' title='bbox 472 3023 571 3084; x_wconf 90' lang='lat' dir='ltr'><strong>verbis</strong></span> <span class='ocrx_word' id='word_1_245' title='bbox 585 3023 646 3084; x_wconf 91' lang='lat' dir='ltr'><strong>illis</strong></span> <span class='ocrx_word' id='word_1_246' title='bbox 665 3024 839 3084; x_wconf 88' lang='lat' dir='ltr'><strong>sententiam</strong></span> <span class='ocrx_word' id='word_1_247' title='bbox 860 3026 989 3103; x_wconf 85' lang='lat' dir='ltr'><strong>requiri,</strong></span> <span class='ocrx_word' id='word_1_248' title='bbox 1012 3046 1112 3085; x_wconf 89' lang='lat' dir='ltr'><strong>amore</strong></span> <span class='ocrx_word' id='word_1_249' title='bbox 1133 3018 1261 3085; x_wconf 87' lang='lat' dir='ltr'><strong>constri-</strong></span> 
     </span>
     <span class='ocr_line' id='line_1_30' title="bbox 155 3107 1261 3188; baseline 0 -20"><span class='ocrx_word' id='word_1_250' title='bbox 155 3119 237 3169; x_wconf 87' lang='lat' dir='ltr'><strong>ctum</strong></span> <span class='ocrx_word' id='word_1_251' title='bbox 252 3108 355 3168; x_wconf 92' lang='lat' dir='ltr'><strong>odium</strong></span> <span class='ocrx_word' id='word_1_252' title='bbox 376 3107 516 3169; x_wconf 87' lang='lat' dir='ltr'><strong>abiecisse</strong></span> <span class='ocrx_word' id='word_1_253' title='bbox 538 3110 746 3170; x_wconf 89' lang='lat' dir='ltr'><strong>Mimnermum</strong></span> <span class='ocrx_word' id='word_1_254' title='bbox 766 3109 971 3182; x_wconf 87' lang='lat' dir='ltr'><strong>inimicorum,</strong></span> <span class='ocrx_word' id='word_1_255' title='bbox 994 3130 1061 3169; x_wconf 91' lang='lat' dir='ltr'><strong>cum</strong></span> <span class='ocrx_word' id='word_1_256' title='bbox 1077 3110 1187 3188; x_wconf 91' lang='lat' dir='ltr'><strong>quibus</strong></span> <span class='ocrx_word' id='word_1_257' title='bbox 1205 3131 1261 3169; x_wconf 90' lang='lat' dir='ltr'><strong>an-</strong></span> 
     </span>
     <span class='ocr_line' id='line_1_31' title="bbox 154 3194 1271 3270; baseline -0.003 -16"><span class='ocrx_word' id='word_1_258' title='bbox 154 3204 203 3254; x_wconf 88' lang='lat' dir='ltr'><strong>tea</strong></span> <span class='ocrx_word' id='word_1_259' title='bbox 226 3214 332 3270; x_wconf 85' lang='lat' dir='ltr'><strong>graves</strong></span> <span class='ocrx_word' id='word_1_260' title='bbox 348 3194 407 3251; x_wconf 93' lang='lat' dir='ltr'><strong>iras</strong></span> <span class='ocrx_word' id='word_1_261' title='bbox 425 3194 618 3254; x_wconf 86' lang='lat' dir='ltr'><strong>exercuisset.</strong></span> <span class='ocrx_word' id='word_1_262' title='bbox 662 3195 805 3254; x_wconf 87' lang='lat' dir='ltr'><strong>Similiter</strong></span> <span class='ocrx_word' id='word_1_263' title='bbox 827 3195 1042 3254; x_wconf 81' lang='lat' dir='ltr'><strong>Hermesianax</strong></span> <span class='ocrx_word' id='word_1_264' title='bbox 1063 3195 1094 3254; x_wconf 89' lang='lat' dir='ltr'><strong>in</strong></span> <span class='ocrx_word' id='word_1_265' title='bbox 1115 3195 1173 3255; x_wconf 88' lang='lat' dir='ltr'><strong>fine</strong></span> <span class='ocrx_word' id='word_1_266' title='bbox 1197 3195 1271 3255; x_wconf 63' lang='grc' dir='ltr'><strong>ἶσα.</strong></span> 
     </span>
     <span class='ocr_line' id='line_1_32' title="bbox 154 3277 1259 3359; baseline 0.003 -21"><span class='ocrx_word' id='word_1_267' title='bbox 154 3281 266 3358; x_wconf 85' lang='lat' dir='ltr'><strong>gmenti</strong></span> <span class='ocrx_word' id='word_1_268' title='bbox 279 3277 469 3358; x_wconf 78' lang='lat' dir='ltr'><strong>Aristippum</strong></span> <span class='ocrx_word' id='word_1_269' title='bbox 480 3279 515 3337; x_wconf 91' lang='lat' dir='ltr'><strong>ab</strong></span> <span class='ocrx_word' id='word_1_270' title='bbox 524 3280 623 3339; x_wconf 91' lang='lat' dir='ltr'><strong>solitis</strong></span> <span class='ocrx_word' id='word_1_271' title='bbox 634 3279 886 3359; x_wconf 86' lang='lat' dir='ltr'><strong>disputationibus</strong></span> <span class='ocrx_word' id='word_1_272' title='bbox 897 3280 1042 3356; x_wconf 80' lang='lat' dir='ltr'><strong>refugisse</strong></span> <span class='ocrx_word' id='word_1_273' title='bbox 1051 3280 1133 3342; x_wconf 84' lang='lat' dir='ltr'><strong>dicit.</strong></span> <span class='ocrx_word' id='word_1_274' title='bbox 1157 3281 1259 3354; x_wconf 88' lang='lat' dir='ltr'><strong>Quare</strong></span> 
     </span>
     <span class='ocr_line' id='line_1_33' title="bbox 154 3357 1260 3447; baseline 0.005 -23"><span class='ocrx_word' id='word_1_275' title='bbox 154 3367 198 3424; x_wconf 89' lang='lat' dir='ltr'><strong>sic</strong></span> <span class='ocrx_word' id='word_1_276' title='bbox 210 3363 401 3422; x_wconf 87' lang='lat' dir='ltr'><strong>scribendum</strong></span> <span class='ocrx_word' id='word_1_277' title='bbox 416 3365 550 3424; x_wconf 83' lang='lat' dir='ltr'><strong>videtur:</strong></span> <span class='ocrx_word' id='word_1_278' title='bbox 574 3359 676 3444; x_wconf 81' lang='grc' dir='ltr'><strong><em>ῦήχθη</em></strong></span> <span class='ocrx_word' id='word_1_279' title='bbox 692 3358 739 3438; x_wconf 78' lang='grc' dir='ltr'><strong>δ’,</strong></span> <span class='ocrx_word' id='word_1_280' title='bbox 760 3359 928 3446; x_wconf 84' lang='grc' dir='ltr'><strong><em>Ἑρμόβιον</em></strong></span> <span class='ocrx_word' id='word_1_281' title='bbox 945 3362 998 3427; x_wconf 80' lang='grc' dir='ltr'><strong>τάν</strong></span> <span class='ocrx_word' id='word_1_282' title='bbox 1021 3357 1069 3426; x_wconf 83' lang='grc' dir='ltr'><strong>άελ</strong></span> <span class='ocrx_word' id='word_1_283' title='bbox 1090 3365 1189 3447; x_wconf 84' lang='grc' dir='ltr'><strong><em>βαρῦν</em></strong></span> <span class='ocrx_word' id='word_1_284' title='bbox 1203 3361 1260 3445; x_wconf 72' lang='grc' dir='ltr'><strong>η’ῦὲ</strong></span> 
     </span>
     <span class='ocr_line' id='line_1_34' title="bbox 155 3442 1259 3530; baseline 0.001 -20"><span class='ocrx_word' id='word_1_285' title='bbox 155 3453 310 3530; x_wconf 80' lang='grc' dir='ltr'><strong><em>Φερεκλῆν</em></strong></span> <span class='ocrx_word' id='word_1_286' title='bbox 337 3444 445 3526; x_wconf 73' lang='grc' dir='ltr'><strong><em>ἐχθρὸν</em></strong></span> <span class='ocrx_word' id='word_1_287' title='bbox 474 3442 604 3529; x_wconf 77' lang='grc' dir='ltr'><strong><em>μισήσας</em></strong></span> <span class='ocrx_word' id='word_1_288' title='bbox 629 3445 673 3511; x_wconf 79' lang='grc' dir='ltr'><strong>οἷ’</strong></span> <span class='ocrx_word' id='word_1_289' title='bbox 696 3443 959 3530; x_wconf 60' lang='lat' dir='ltr'><strong>latreuontes.</strong></span> <span class='ocrx_word' id='word_1_290' title='bbox 1005 3450 1158 3511; x_wconf 85' lang='lat' dir='ltr'><strong>Paenituit</strong></span> <span class='ocrx_word' id='word_1_291' title='bbox 1180 3471 1259 3526; x_wconf 82' lang='lat' dir='ltr'><strong>eum,</strong></span> 
     </span>
     <span class='ocr_line' id='line_1_35' title="bbox 152 3531 1258 3615; baseline 0.005 -23"><span class='ocrx_word' id='word_1_292' title='bbox 152 3533 267 3613; x_wconf 76' lang='lat' dir='ltr'><strong>inquit,</strong></span> <span class='ocrx_word' id='word_1_293' title='bbox 291 3531 471 3608; x_wconf 88' lang='lat' dir='ltr'><strong>carminum,</strong></span> <span class='ocrx_word' id='word_1_294' title='bbox 493 3535 593 3613; x_wconf 87' lang='lat' dir='ltr'><strong>qualia</strong></span> <span class='ocrx_word' id='word_1_295' title='bbox 615 3534 780 3609; x_wconf 82' lang='lat' dir='ltr'><strong>effuderat,</strong></span> <span class='ocrx_word' id='word_1_296' title='bbox 803 3554 896 3614; x_wconf 91' lang='lat' dir='ltr'><strong>quum</strong></span> <span class='ocrx_word' id='word_1_297' title='bbox 919 3556 1035 3615; x_wconf 88' lang='lat' dir='ltr'><strong>semper</strong></span> <span class='ocrx_word' id='word_1_298' title='bbox 1056 3536 1114 3595; x_wconf 89' lang='lat' dir='ltr'><strong>sibi</strong></span> <span class='ocrx_word' id='word_1_299' title='bbox 1135 3557 1258 3615; x_wconf 86' lang='lat' dir='ltr'><strong>gravem</strong></span> 
     </span>
     <span class='ocr_line' id='line_1_36' title="bbox 153 3617 1137 3701; baseline 0.003 -22"><span class='ocrx_word' id='word_1_300' title='bbox 153 3618 366 3692; x_wconf 84' lang='lat' dir='ltr'><strong>Hermobium‚</strong></span> <span class='ocrx_word' id='word_1_301' title='bbox 389 3617 604 3699; x_wconf 87' lang='lat' dir='ltr'><strong>inimicumque</strong></span> <span class='ocrx_word' id='word_1_302' title='bbox 620 3618 792 3679; x_wconf 87' lang='lat' dir='ltr'><strong>Phereclem</strong></span> <span class='ocrx_word' id='word_1_303' title='bbox 813 3620 883 3679; x_wconf 88' lang='lat' dir='ltr'><strong>odio</strong></span> <span class='ocrx_word' id='word_1_304' title='bbox 897 3631 1137 3701; x_wconf 88' lang='lat' dir='ltr'><strong>persequeretur.</strong></span> 
     </span>
    </p>

    <p class='ocr_par' dir='ltr' id='par_1_9' title="bbox 153 3703 1259 4045">
     <span class='ocr_line' id='line_1_37' title="bbox 238 3703 1258 3787; baseline 0.008 -26"><span class='ocrx_word' id='word_1_305' title='bbox 238 3704 290 3770; x_wconf 80' lang='grc'><strong>41.</strong></span> <span class='ocrx_word' id='word_1_306' title='bbox 316 3703 388 3762; x_wconf 91' lang='lat' dir='ltr'><strong>Ven.</strong></span> <span class='ocrx_word' id='word_1_307' title='bbox 413 3715 443 3764; x_wconf 89' lang='lat' dir='ltr'><strong>et</strong></span> <span class='ocrx_word' id='word_1_308' title='bbox 468 3707 553 3767; x_wconf 85' lang='lat' dir='ltr'><strong>Laur.</strong></span> <span class='ocrx_word' id='word_1_309' title='bbox 575 3705 740 3783; x_wconf 76' lang='grc' dir='ltr'><strong><em>Λοσηίῦος.</em></strong></span> <span class='ocrx_word' id='word_1_310' title='bbox 784 3705 845 3768; x_wconf 87' lang='lat' dir='ltr'><strong>Pal.</strong></span> <span class='ocrx_word' id='word_1_311' title='bbox 867 3714 896 3765; x_wconf 91' lang='lat' dir='ltr'><strong>et</strong></span> <span class='ocrx_word' id='word_1_312' title='bbox 907 3705 974 3766; x_wconf 91' lang='lat' dir='ltr'><strong>edd.</strong></span> <span class='ocrx_word' id='word_1_313' title='bbox 995 3716 1067 3767; x_wconf 89' lang='lat' dir='ltr'><strong>vett.</strong></span> <span class='ocrx_word' id='word_1_314' title='bbox 1086 3709 1258 3787; x_wconf 80' lang='grc' dir='ltr'><strong><em>χροσηΐδος,</em></strong></span> 
     </span>
     <span class='ocr_line' id='line_1_38' title="bbox 154 3789 1259 3868; baseline 0.005 -20"><span class='ocrx_word' id='word_1_315' title='bbox 154 3790 221 3848; x_wconf 89' lang='lat' dir='ltr'><strong>Nou</strong></span> <span class='ocrx_word' id='word_1_316' title='bbox 240 3789 447 3868; x_wconf 88' lang='lat' dir='ltr'><strong>improbabilis</strong></span> <span class='ocrx_word' id='word_1_317' title='bbox 463 3792 585 3851; x_wconf 89' lang='lat' dir='ltr'><strong>videtur</strong></span> <span class='ocrx_word' id='word_1_318' title='bbox 607 3789 775 3851; x_wconf 86' lang='lat' dir='ltr'><strong>Ruhnkenii</strong></span> <span class='ocrx_word' id='word_1_319' title='bbox 789 3790 981 3867; x_wconf 88' lang='lat' dir='ltr'><strong>coniectura,</strong></span> <span class='ocrx_word' id='word_1_320' title='bbox 1005 3792 1181 3852; x_wconf 88' lang='lat' dir='ltr'><strong>insolentius</strong></span> <span class='ocrx_word' id='word_1_321' title='bbox 1203 3813 1259 3852; x_wconf 88' lang='lat' dir='ltr'><strong>no-</strong></span> 
     </span>
     <span class='ocr_line' id='line_1_39' title="bbox 153 3871 1258 3956; baseline 0.003 -22"><span class='ocrx_word' id='word_1_322' title='bbox 153 3894 221 3934; x_wconf 92' lang='lat' dir='ltr'><strong>men</strong></span> <span class='ocrx_word' id='word_1_323' title='bbox 243 3874 351 3951; x_wconf 79' lang='lat' dir='ltr'><strong>gentile</strong></span> <span class='ocrx_word' id='word_1_324' title='bbox 364 3876 579 3937; x_wconf 87' lang='lat' dir='ltr'><strong>restituendum</strong></span> <span class='ocrx_word' id='word_1_325' title='bbox 593 3877 740 3956; x_wconf 86' lang='lat' dir='ltr'><strong>putantis,</strong></span> <span class='ocrx_word' id='word_1_326' title='bbox 760 3871 868 3955; x_wconf 81' lang='grc' dir='ltr'><strong><em>Λάδης</em></strong></span> <span class='ocrx_word' id='word_1_327' title='bbox 882 3878 1053 3955; x_wconf 83' lang='grc' dir='ltr'><strong><em>Λοῦηΐδος,</em></strong></span> <span class='ocrx_word' id='word_1_328' title='bbox 1078 3878 1117 3938; x_wconf 92' lang='lat' dir='ltr'><strong>ob</strong></span> <span class='ocrx_word' id='word_1_329' title='bbox 1131 3879 1258 3939; x_wconf 90' lang='lat' dir='ltr'><strong>similem</strong></span> 
     </span>
     <span class='ocr_line' id='line_1_40' title="bbox 153 3957 1048 4045; baseline 0.007 -27"><span class='ocrx_word' id='word_1_330' title='bbox 153 3957 348 4039; x_wconf 79' lang='lat' dir='ltr'><strong>Asclepiadae</strong></span> <span class='ocrx_word' id='word_1_331' title='bbox 362 3961 479 4037; x_wconf 86' lang='lat' dir='ltr'><strong>locum,</strong></span> <span class='ocrx_word' id='word_1_332' title='bbox 501 3957 591 4043; x_wconf 79' lang='grc' dir='ltr'><strong><em>Λῦῦη</em></strong></span> <span class='ocrx_word' id='word_1_333' title='bbox 607 3961 657 4025; x_wconf 82' lang='grc' dir='ltr'><strong>καλ</strong></span> <span class='ocrx_word' id='word_1_334' title='bbox 676 3960 762 4045; x_wconf 78' lang='grc' dir='ltr'><strong><em>γένος</em></strong></span> <span class='ocrx_word' id='word_1_335' title='bbox 776 3962 837 4042; x_wconf 73' lang='lat' dir='ltr'><strong>alpi</strong></span> <span class='ocrx_word' id='word_1_336' title='bbox 852 3961 904 4025; x_wconf 83' lang='grc' dir='ltr'><strong>καὶ</strong></span> <span class='ocrx_word' id='word_1_337' title='bbox 921 3958 1048 4043; x_wconf 85' lang='grc' dir='ltr'><strong><em>οῦνομα.</em></strong></span> 
     </span>
    </p>
   </div>
   <div class='ocr_carea' id='block_1_8' title="bbox 155 4122 363 4135">
    <p class='ocr_par' dir='ltr' id='par_1_10' title="bbox 155 4122 363 4135">
     <span class='ocr_line' id='line_1_41' title="bbox 155 4122 363 4135; baseline -0.01 -2"><span class='ocrx_word' id='word_1_338' title='bbox 155 4122 363 4135; x_wconf 50' lang='grc'><strong>*-</strong></span> 
     </span>
    </p>
   </div>
   <div class='ocr_carea' id='block_1_9' title="bbox 154 4205 1259 4424">
    <p class='ocr_par' dir='ltr' id='par_1_11' title="bbox 154 4205 1259 4424">
     <span class='ocr_line' id='line_1_42' title="bbox 223 4205 1257 4285; baseline 0 -17"><span class='ocrx_word' id='word_1_339' title='bbox 223 4205 374 4283; x_wconf 58' lang='grc' dir='ltr'><strong>ἡδίοίσιπ</strong></span> <span class='ocrx_word' id='word_1_340' title='bbox 393 4215 426 4268; x_wconf 87' lang='lat' dir='ltr'><strong>ad</strong></span> <span class='ocrx_word' id='word_1_341' title='bbox 446 4215 531 4285; x_wconf 91' lang='lat' dir='ltr'><strong>Orph.</strong></span> <span class='ocrx_word' id='word_1_342' title='bbox 551 4217 648 4283; x_wconf 77' lang='lat' dir='ltr'><strong>Argon.</strong></span> <span class='ocrx_word' id='word_1_343' title='bbox 667 4217 743 4272; x_wconf 74' lang='lat'><strong>1293.</strong></span> <span class='ocrx_word' id='word_1_344' title='bbox 765 4214 876 4268; x_wconf 81' lang='lat' dir='ltr'><strong>correxi.</strong></span> <span class='ocrx_word' id='word_1_345' title='bbox 911 4215 1008 4269; x_wconf 80' lang='lat' dir='ltr'><strong>Postea</strong></span> <span class='ocrx_word' id='word_1_346' title='bbox 1027 4212 1104 4267; x_wconf 88' lang='lat' dir='ltr'><strong>etiam</strong></span> <span class='ocrx_word' id='word_1_347' title='bbox 1128 4214 1257 4268; x_wconf 86' lang='lat' dir='ltr'><strong>Blomfisl·</strong></span> 
     </span>
     <span class='ocr_line' id='line_1_43' title="bbox 154 4281 1259 4354; baseline 0.002 -16"><span class='ocrx_word' id='word_1_348' title='bbox 154 4282 213 4338; x_wconf 84' lang='lat' dir='ltr'><strong>dius</strong></span> <span class='ocrx_word' id='word_1_349' title='bbox 231 4285 383 4351; x_wconf 68' lang='lat' dir='ltr'><strong>appellate.</strong></span> <span class='ocrx_word' id='word_1_350' title='bbox 417 4284 548 4338; x_wconf 84' lang='lat' dir='ltr'><strong>Iacobsius</strong></span> <span class='ocrx_word' id='word_1_351' title='bbox 568 4286 636 4354; x_wconf 85' lang='lat' dir='ltr'><strong>apud</strong></span> <span class='ocrx_word' id='word_1_352' title='bbox 652 4285 807 4352; x_wconf 76' lang='lat' dir='ltr'><strong>Webesuna,</strong></span> <span class='ocrx_word' id='word_1_353' title='bbox 832 4285 987 4354; x_wconf 81' lang='grc' dir='ltr'><strong><em>κηλοθείς,</em></strong></span> <span class='ocrx_word' id='word_1_354' title='bbox 1011 4282 1127 4352; x_wconf 71' lang='grc' dir='ltr'><strong><em>κώμους</em></strong></span> <span class='ocrx_word' id='word_1_355' title='bbox 1148 4281 1259 4341; x_wconf 73' lang='grc' dir='ltr'><strong><em>ἔκλυσιν</em></strong></span> 
     </span>
     <span class='ocr_line' id='line_1_44' title="bbox 154 4345 1257 4424; baseline -0.002 -15"><span class='ocrx_word' id='word_1_356' title='bbox 154 4351 209 4424; x_wconf 76' lang='grc' dir='ltr'><strong><em>εἶχ’</em></strong></span> <span class='ocrx_word' id='word_1_357' title='bbox 227 4345 370 4423; x_wconf 76' lang='lat' dir='ltr'><strong>(velrrlq&#39;)</strong></span> <span class='ocrx_word' id='word_1_358' title='bbox 389 4349 478 4422; x_wconf 81' lang='grc' dir='ltr'><strong><em>άνλης.</em></strong></span> <span class='ocrx_word' id='word_1_359' title='bbox 564 4403 574 4420; x_wconf 78' lang='grc'><strong><em>,</em></strong></span> <span class='ocrx_word' id='word_1_360' title='bbox 1255 4391 1257 4395; x_wconf 34' lang='lat' dir='ltr'><strong>f</strong></span> 
     </span>
    </p>
   </div>
   <div class='ocr_carea' id='block_1_10' title="bbox 0 0 1426 4920">
    <p class='ocr_par' dir='ltr' id='par_1_12' title="bbox 0 0 1426 4920">
     <span class='ocr_line' id='line_1_45' title="bbox 0 0 1426 4920; baseline 0 0"><span class='ocrx_word' id='word_1_361' title='bbox 0 0 1426 4920; x_wconf 95' lang='lat' dir='ltr'><strong> </strong></span> 
     </span>
    </p>
   </div>
  </div>
 </body>
</html>
