2842 4920
410 362 842 430 nununstnuscrls
863 369 1019 436 ELEGI.
1205 379 1268 443 241

315 551 408 624 ἔνθα
425 551 608 650 Χαίρων’
582 550 695 651 αιιοήν
711 561 903 630 ἕλκεται
867 585 917 641 aar
931 557 1069 633 ἄκατον

210 648 234 720 5
261 648 380 749 ψυχαῖς
394 657 610 748 οἰχομένων
628 655 834 781 λίμνηδ’”
813 687 870 733 επι
884 657 1026 756 μαιρόν
1042 661 1163 754 drisci,

313 757 432 854 ῥεῦμα
448 759 523 831 διὲιι
539 754 750 851 μογοῖλων
727 764 886 860 (ιιιομένη
903 758 1072 838 dordunu-

261 854 345 931 ἀλλ’
359 861 441 957 ἔτλη
445 856 558 984 παροῖ
570 863 669 955 κῦμα
683 862 911 955 μονόζωστος
923 867 1121 960 κιθαρίζων

312 957 490 1057 Ὀρφεύς,
518 963 767 1046 παντοίοοςδ
782 969 985 1049 ἐξανέπεισε
1002 964 1129 1052 θεούς·

266 1060 499 1138 Κωκυτόν
461 1094 485 1139 τ
513 1062 756 1157 dds'paronon’
738 1094 782 1142 ιιι
814 1064 948 1192 o'ppv'oc
961 1068 1188 1169 μιιδήσανια

184 1165 235 1234 lu
313 1163 451 1263 sidiam
470 1163 822 1266 αἰνοτατοιιβλέμμ
839 1170 1140 1266 νπέμιινιιιυνός,
1196 1225 1198 1232 ι

158 1378 367 1389 .-

241 1507 273 1573 4
296 1511 369 1570 Tam
388 1509 507 1590 elegans
529 1518 681 1589 astatque
704 1510 866 1588 usitatum,
896 1513 979 1593 qnod
996 1515 1264 1594 Lennepiuscon-

154 1593 227 1654 iecit
249 1591 375 1674 κοινήν,
396 1606 431 1656 ut
453 1617 514 1657 non
537 1597 628 1656 mirer
645 1595 806 1676 probatum
832 1618 896 1657 esse
916 1600 952 1657 ab
975 1600 1122 1662 omnibus.
1133 1598 1162 1682 λ)
1205 1603 1266 1662 Sed

153 1689 255 1740 tamen
271 1680 414 1741 librorum
431 1681 581 1760 scriptura
594 1681 683 1756 facit,
706 1690 740 1741 ut
756 1681 891 1742 dubitem
904 1704 942 1742 an
954 1686 1149 1764 exquisitiora
1162 1707 1264 1747 amans

152 1775 246 1846 poeta
262 1763 373 1829 ductor
387 1767 470 1826 illam
486 1767 589 1847 potius
606 1761 720 1846 ολόιινην
732 1767 851 1828 dixerit.

241 1852 271 1917 5.
298 1850 415 1926 Quod
405 1872 438 1911 m
456 1852 522 1911 cod
540 1852 612 1914 Ven.
626 1861 671 1910 est
677 1853 829 1932 ,λλμνηι,
852 1873 914 1911 ιιοιι
932 1850 1265 1917 debebatnominativis

152 1936 239 1996 litem
255 1957 385 1999 movere.
429 1940 461 1996 si
485 1936 560 2015 quid
576 1947 751 2016 suspectum
772 1938 804 1996 in
819 1936 980 2012 hocloco,
1005 1948 1048 1997 est
1065 1939 1097 1998 id
1120 1941 1263 2022 ῥυομένη,

151 2020 307 2098 inusitata,
327 2022 381 2082 sed
396 2023 519 2103 propria
533 2030 631 2080 tamen
646 2020 860 2100 significatione
875 2022 1015 2103 positum,
1044 2034 1076 2083 ut
1088 2047 1150 2084 non
1161 2027 1263 2086 videa·

151 2107 390 2167 turmutandum
399 2128 472 2168 esse
495 2107 526 2165 Sr
535 2116 634 2166 tamen
635 2107 805 2209 συρομένη
813 2117 980 2188 praestaret
991 2109 1057 2168 aliis
1072 2113 1263 2176 coniecturis.

242 2198 272 2256 7.
296 2187 500 2267 Μονόζωστος
521 2214 578 2273 pro
602 2187 804 2271 μονόζωσιον,
836 2192 1014 2253 Ruhnkenio
1038 2195 1178 2256 debetur:
1209 2198 1264 2257 sed

152 2272 243 2337 ethio
258 2285 288 2336 et
297 2279 347 2336 alii
357 2300 416 2338 non
430 2281 594 2350 παντοίους
608 2288 722 2337 tentare
736 2279 892 2356 debebant,
915 2277 968 2337 sed
980 2279 1157 2357 ἐξανέπεισε,
1181 2284 1265 2361 quod

150 2361 281 2423 verbum
297 2383 357 2423 non
376 2365 473 2424 solum
488 2374 613 2460 propter
626 2365 768 2422 aoristum
778 2385 837 2442 pro
852 2327 1029 2443 irripersecto
1042 2367 1186 2443 positum,
1209 2367 1264 2427 sed

151 2450 248 2525 magia
259 2448 346 2508 etiam
362 2459 488 2529 propter
496 2449 587 2507 totius
603 2448 661 2506 loci
677 2449 823 2507 rationem
838 2450 981 2508 vitiosum
999 2470 1071 2521 esse,
1094 2471 1202 2510 versus
1213 2457 1262 2518 13.

152 2533 254 2594 docet.
298 2534 387 2592 Poeta
410 2533 567 2612 Orpheum
590 2533 706 2591 dixerat
725 2553 863 2591 securum
882 2535 962 2590 inter
985 2535 1094 2591 inferni
1118 2534 1262 2596 horrores

152 2620 289 2678 omnium
304 2619 471 2678 celebrasse
493 2618 597 2677 laudes
618 2617 751 2677 deorum.
798 2617 913 2692 idme,
936 2617 1117 2690 ιιὶιίλιιλλοι,
1147 2620 1263 2698 signifi-

121 2753 125 2762 .
151 2713 275 2763 caverat
301 2704 397 2764 verbo
421 2704 601 2779 ἐξανέλισσε,
625 2724 685 2782 quo
709 2703 839 2762 refertur
864 2665 966 2782 poitea
990 2704 1080 2763 ἔνθεν
1099 2698 1263 2767 ιιόιδιοὲωνι

152 2789 190 2848 ab
203 2791 414 2849 universorum
428 2810 534 2866 genere
547 2790 671 2848 deorum
686 2810 825 2863 exorsus,
847 2789 981 2848 infernos
995 2790 1131 2848 exoravit
1146 2811 1239 2869 reges

237 2878 266 2937 9.
289 2875 345 2933 Hic
366 2877 450 2934 locus
471 2876 656 2934 luculentum·
679 2868 803 2952 praebet
823 2875 905 2932 illius
928 2895 1017 2953 quam
1040 2895 1132 2954 supra
1158 2876 1263 2936 notavi

151 2959 288 3040 duplicis
305 2961 477 3019 criticorum
495 2959 702 3059 perversitatis
723 2960 903 3036 exemplum,
927 2979 1019 3036 quum
1036 2960 1072 3016 ad
1088 2961 1180 3019 verba
1196 2973 1262 3020 tan-

151 3055 216 3104 tum
233 3045 378 3105 attenti‘
356 3040 413 3108 οπ’
433 3042 549 3124 ὀφρύσι
572 3039 755 3121 μειλήσαντα
776 3044 976 3116 coniecerint,
1001 3063 1062 3100 non
1078 3056 1262 3123 reputantes,

151 3131 177 3188 ai
197 3130 290 3204 illuc,
309 3139 345 3189 ut
364 3131 438 3210 ipsis
457 3131 635 3205 videbatur,
662 3125 805 3206 vainans
822 3149 854 3186 re
858 3086 1011 3186 ferenddm
1030 3137 1092 3201 est,
1116 3129 1262 3189 ridentem

153 3216 303 3275 sustinere
319 3236 380 3274 non
405 3215 480 3275 aden
501 3216 548 3274 dis
537 3215 626 3273 fficile
642 3233 722 3286 esse3
752 3234 812 3271 ιιοιι
830 3212 1008 3272 offenderint
1022 3171 1130 3272 autirn
1150 3213 1181 3271 in
1205 3210 1262 3294 η’δὲ

151 3302 221 3377 καί,
256 3300 341 3359 cuius
363 3311 398 3359 ut
420 3301 522 3380 paulin
547 3302 644 3359 minor
667 3299 817 3377 pravitas,
847 3297 989 3376 elegantia
1009 3319 1067 3356 non
1089 3298 1186 3358 maior
1206 3309 1261 3378 est,

152 3404 243 3484 quam
270 3385 378 3444 iliius
369 3387 559 3492 inscriptioni
585 3387 734 3444 Crissaeae
754 3386 863 3443 iterum
884 3385 1052 3461 iterumque
1070 3384 1181 3442 frustra
1206 3385 1260 3445 ob-

152 3471 229 3529 trusi
246 3471 300 3532 καί
313 3493 354 3535 τε,
397 3466 582 3550 Ἀθέμισιον
595 3471 654 3528 dici
673 3471 819 3575 Cocytum
837 3490 928 3547 quum
946 3486 1032 3546 aegre
1047 3469 1140 3528 ferret
1155 3470 1260 3531 Ruhn-

150 3555 269 3630 kenius,
292 3576 347 3616 cur
361 3577 422 3615 non
438 3557 555 3630 aegrius
570 3557 658 3615 etium
675 3540 780 3613 tulii
759 3549 817 3617 ια’
830 3549 946 3632 α’φοιλσι
961 3549 1154 3634 μελλήσαντα,
1177 3556 1262 3634 quod

150 3642 324 3720 lelyrico
347 3642 572 3701 concedendum
596 3641 738 3700 videtur?
761 3641 856 3698 immo
866 3643 1004 3722 flumine
1024 3637 1176 3718 languido
1206 3638 1261 3700 Go-

151 3737 239 3804 qytna
253 3749 361 3784 errans
379 3729 483 3800 aliter,
506 3730 630 3807 opinor,
653 3725 827 3784 testificatus
848 3736 942 3786 estse
964 3723 1086 3802 Orphea
1109 3727 1260 3804 testudine

152 3821 333 3870 commotum
354 3834 425 3871 esse.
468 3813 573 3890 ltaque
590 3815 633 3869 sic
655 3812 755 3889 potius
773 3809 928 3888 scripsisse
944 3821 1061 3888 poetam
1078 3809 1259 3869 existimem.

152 3891 341 4044 Κωκυτόνιέ
354 3892 515 3959 οἷνέθιστον
533 3891 584 3959 ἐπ’
598 3889 734 3976 οφρύσιν
750 3891 914 3977 ολόησανια
929 3891 1006 3970 εἶδε,
1030 3893 1081 3955 καλ
1096 3889 1257 3958 αἰνοιατον

151 3976 262 4066 βλέμμ’
278 3980 421 4062 ὑπέμεινε
434 4007 535 4056 κυνος
544 3973 572 4062 b)

221 4183 251 4252 )
221 4183 323 4235 Sed
336 4188 421 4235 tamen
437 4181 599 4249 Gdttlingius
619 4181 686 4268 apud
703 4181 844 4232 Weberum
868 4172 987 4244 ἅκαλήν,
1012 4178 1188 4231 Btomfieldins
1209 4197 1256 4232 au·
1308 4170 1309 4173 ¹

149 4255 217 4315 tem,
244 4252 308 4305 satis
325 4252 436 4305 mirabili
457 4253 620 4318 coniectura,
646 4247 756 4318 α’χρήν,
782 4267 848 4318 quae
863 4267 879 4302 u
896 4247 1016 4301 Bachio
1009 4266 1036 4300 ιιι
1050 4250 1133 4318 ipsum
1148 4256 1256 4302 esttex-

149 4327 381 4459 ωλῖοῗλλλίιιι
399 4407 475 4459 quum
498 4386 547 4459 ἠδὲ
567 4389 633 4457 καί,
660 4387 731 4460 quod
746 4396 825 4456 atque
839 4388 906 4441 odeo
929 4383 1103 4454 significaret,
1130 4384 1257 4451 defendit,

200 4479 324 4549 Hanni.
347 4482 414 4553 01».
441 4481 499 4550 lv.
575 4527 577 4530 <
1013 4478 1046 4561 Q
