<?xml version="1.0" encoding="UTF-8"?>
<!DOCTYPE html PUBLIC "-//W3C//DTD XHTML 1.0 Transitional//EN"
    "http://www.w3.org/TR/xhtml1/DTD/xhtml1-transitional.dtd">
<html xmlns="http://www.w3.org/1999/xhtml" xml:lang="en" lang="en">
 <head>
  <title>
</title>
<meta http-equiv="Content-Type" content="text/html;charset=utf-8" />
  <meta name='ocr-system' content='tesseract 3.04.00' />
  <meta name='ocr-capabilities' content='ocr_page ocr_carea ocr_par ocr_line ocrx_word'/>
</head>
<body>
  <div class='ocr_page' id='page_1' title='image "./opuscula00hermgoog_0246.png"; bbox 0 0 2842 4920; ppageno 0'>
   <div class='ocr_carea' id='block_1_1' title="bbox 205 377 969 447">
    <p class='ocr_par' dir='ltr' id='par_1_1' title="bbox 205 377 969 447">
     <span class='ocr_line' id='line_1_1' title="bbox 205 377 969 447; baseline -0.012 0"><span class='ocrx_word' id='word_1_1' title='bbox 205 381 271 447; x_wconf 88' lang='grc'><strong>222</strong></span> <span class='ocrx_word' id='word_1_2' title='bbox 600 377 969 442; x_wconf 75' lang='lat' dir='ltr'><strong>EMENDATIONES</strong></span> 
     </span>
    </p>
   </div>
   <div class='ocr_carea' id='block_1_2' title="bbox 207 569 1314 871">
    <p class='ocr_par' dir='ltr' id='par_1_2' title="bbox 207 569 1314 871">
     <span class='ocr_line' id='line_1_2' title="bbox 208 569 1314 663; baseline 0.001 -22"><span class='ocrx_word' id='word_1_3' title='bbox 208 574 314 641; x_wconf 83' lang='lat' dir='ltr'><strong>altera</strong></span> <span class='ocrx_word' id='word_1_4' title='bbox 343 571 376 640; x_wconf 94' lang='lat' dir='ltr'><strong>in</strong></span> <span class='ocrx_word' id='word_1_5' title='bbox 407 571 621 663; x_wconf 90' lang='lat' dir='ltr'><strong>oppositione</strong></span> <span class='ocrx_word' id='word_1_6' title='bbox 647 592 712 660; x_wconf 86' lang='lat' dir='ltr'><strong>per</strong></span> <span class='ocrx_word' id='word_1_7' title='bbox 733 570 914 663; x_wconf 86' lang='lat' dir='ltr'><strong>particulas</strong></span> <span class='ocrx_word' id='word_1_8' title='bbox 933 569 1003 662; x_wconf 84' lang='grc' dir='ltr'><strong>μέν</strong></span> <span class='ocrx_word' id='word_1_9' title='bbox 1024 579 1060 638; x_wconf 91' lang='lat' dir='ltr'><strong>et</strong></span> <span class='ocrx_word' id='word_1_10' title='bbox 1085 570 1124 645; x_wconf 85' lang='grc' dir='ltr'><strong>δέ</strong></span> <span class='ocrx_word' id='word_1_11' title='bbox 1153 571 1314 661; x_wconf 85' lang='lat' dir='ltr'><strong>indicata,</strong></span> 
     </span>
     <span class='ocr_line' id='line_1_3' title="bbox 208 673 1314 767; baseline 0 -22"><span class='ocrx_word' id='word_1_12' title='bbox 208 699 296 767; x_wconf 90' lang='lat' dir='ltr'><strong>quae</strong></span> <span class='ocrx_word' id='word_1_13' title='bbox 312 675 368 743; x_wconf 94' lang='lat' dir='ltr'><strong>hic</strong></span> <span class='ocrx_word' id='word_1_14' title='bbox 383 674 458 744; x_wconf 84' lang='lat' dir='ltr'><strong>talis</strong></span> <span class='ocrx_word' id='word_1_15' title='bbox 477 682 576 762; x_wconf 81' lang='lat' dir='ltr'><strong>esset,</strong></span> <span class='ocrx_word' id='word_1_16' title='bbox 602 684 639 743; x_wconf 89' lang='lat' dir='ltr'><strong>ut</strong></span> <span class='ocrx_word' id='word_1_17' title='bbox 651 673 744 742; x_wconf 86' lang='lat' dir='ltr'><strong>idern</strong></span> <span class='ocrx_word' id='word_1_18' title='bbox 759 675 823 743; x_wconf 88' lang='lat' dir='ltr'><strong>sibi</strong></span> <span class='ocrx_word' id='word_1_19' title='bbox 835 676 948 766; x_wconf 90' lang='lat' dir='ltr'><strong>ipsum</strong></span> <span class='ocrx_word' id='word_1_20' title='bbox 961 683 1203 767; x_wconf 87' lang='lat' dir='ltr'><strong>opponeretur.</strong></span> <span class='ocrx_word' id='word_1_21' title='bbox 1238 674 1314 748; x_wconf 88' lang='lat' dir='ltr'><strong>Nisi</strong></span> 
     </span>
     <span class='ocr_line' id='line_1_4' title="bbox 207 776 1314 871; baseline 0.001 -23"><span class='ocrx_word' id='word_1_22' title='bbox 207 779 324 866; x_wconf 82' lang='lat' dir='ltr'><strong>fallor,</strong></span> <span class='ocrx_word' id='word_1_23' title='bbox 350 778 431 847; x_wconf 80' lang='lat' dir='ltr'>nihil</span> <span class='ocrx_word' id='word_1_24' title='bbox 455 777 512 845; x_wconf 91' lang='lat' dir='ltr'><strong>hic</strong></span> <span class='ocrx_word' id='word_1_25' title='bbox 529 776 642 863; x_wconf 81' lang='lat' dir='ltr'>deest,</span> <span class='ocrx_word' id='word_1_26' title='bbox 668 777 731 846; x_wconf 89' lang='lat' dir='ltr'><strong>sed</strong></span> <span class='ocrx_word' id='word_1_27' title='bbox 747 779 860 848; x_wconf 87' lang='lat' dir='ltr'><strong>vitiata</strong></span> <span class='ocrx_word' id='word_1_28' title='bbox 884 785 936 846; x_wconf 87' lang='lat' dir='ltr'><strong>est</strong></span> <span class='ocrx_word' id='word_1_29' title='bbox 952 778 1127 871; x_wconf 85' lang='lat' dir='ltr'><strong>scriptura.</strong></span> <span class='ocrx_word' id='word_1_30' title='bbox 1179 780 1314 849; x_wconf 82' lang='lat' dir='ltr'><strong>Remo-</strong></span> 
     </span>
    </p>
   </div>
   <div class='ocr_carea' id='block_1_3' title="bbox 207 880 687 974">
    <p class='ocr_par' dir='ltr' id='par_1_3' title="bbox 207 880 687 974">
     <span class='ocr_line' id='line_1_5' title="bbox 207 880 687 974; baseline -0.002 -22"><span class='ocrx_word' id='word_1_31' title='bbox 207 884 294 952; x_wconf 86' lang='lat' dir='ltr'><strong>verit</strong></span> <span class='ocrx_word' id='word_1_32' title='bbox 309 883 403 970; x_wconf 84' lang='lat' dir='ltr'><strong>vitia,</strong></span> <span class='ocrx_word' id='word_1_33' title='bbox 429 882 488 971; x_wconf 91' lang='lat' dir='ltr'><strong>qui</strong></span> <span class='ocrx_word' id='word_1_34' title='bbox 502 880 687 974; x_wconf 85' lang='lat' dir='ltr'><strong>scripserit:</strong></span> 
     </span>
    </p>
   </div>
   <div class='ocr_carea' id='block_1_4' title="bbox 257 1026 1144 1438">
    <p class='ocr_par' dir='ltr' id='par_1_4' title="bbox 257 1026 1144 1438">
     <span class='ocr_line' id='line_1_6' title="bbox 258 1026 1104 1129; baseline -0.004 -21"><span class='ocrx_word' id='word_1_35' title='bbox 258 1034 390 1129; x_wconf 98' lang='grc' dir='ltr'><strong><em>κυανέη</em></strong></span> <span class='ocrx_word' id='word_1_36' title='bbox 405 1035 473 1126; x_wconf 82' lang='grc' dir='ltr'><strong>μέν</strong></span> <span class='ocrx_word' id='word_1_37' title='bbox 491 1031 651 1128; x_wconf 81' lang='grc' dir='ltr'><strong><em>ὕπερθεν</em></strong></span> <span class='ocrx_word' id='word_1_38' title='bbox 665 1027 954 1129; x_wconf 73' lang='grc' dir='ltr'><strong><em>ἀναθρώσκουσα</em></strong></span> <span class='ocrx_word' id='word_1_39' title='bbox 969 1026 1104 1107; x_wconf 87' lang='grc' dir='ltr'><strong><em>θύελλα</em></strong></span> 
     </span>
     <span class='ocr_line' id='line_1_7' title="bbox 262 1130 1086 1233; baseline -0.005 -21"><span class='ocrx_word' id='word_1_40' title='bbox 262 1130 419 1232; x_wconf 81' lang='grc' dir='ltr'><strong><em>ου’ρανέν</em></strong></span> <span class='ocrx_word' id='word_1_41' title='bbox 433 1134 618 1233; x_wconf 76' lang='grc' dir='ltr'><strong><em>ὀρφναίων</em></strong></span> <span class='ocrx_word' id='word_1_42' title='bbox 634 1135 757 1210; x_wconf 79' lang='grc' dir='ltr'><strong><em>ἑλίκων</em></strong></span> <span class='ocrx_word' id='word_1_43' title='bbox 772 1131 927 1222; x_wconf 77' lang='grc' dir='ltr'><strong><em>ἐζώσατο</em></strong></span> <span class='ocrx_word' id='word_1_44' title='bbox 948 1136 1086 1231; x_wconf 76' lang='grc' dir='ltr'><strong><em>δεσμῷ,</em></strong></span> 
     </span>
     <span class='ocr_line' id='line_1_8' title="bbox 259 1233 1101 1335; baseline -0.008 -19"><span class='ocrx_word' id='word_1_45' title='bbox 259 1237 368 1335; x_wconf 83' lang='grc' dir='ltr'><strong><em>εἶθαρ</em></strong></span> <span class='ocrx_word' id='word_1_46' title='bbox 386 1233 621 1335; x_wconf 78' lang='grc' dir='ltr'><strong><em>ἀμιχλήεντος</em></strong></span> <span class='ocrx_word' id='word_1_47' title='bbox 635 1235 700 1311; x_wconf 80' lang='grc' dir='ltr'><strong>ἀπ’</strong></span> <span class='ocrx_word' id='word_1_48' title='bbox 716 1235 820 1335; x_wconf 80' lang='grc' dir='ltr'><strong><em>ἠέρος</em></strong></span> <span class='ocrx_word' id='word_1_49' title='bbox 838 1236 982 1332; x_wconf 77' lang='grc' dir='ltr'><strong><em>ὄμβρον</em></strong></span> <span class='ocrx_word' id='word_1_50' title='bbox 997 1244 1101 1311; x_wconf 86' lang='grc' dir='ltr'><strong><em>ἱεῖσα.</em></strong></span> 
     </span>
     <span class='ocr_line' id='line_1_9' title="bbox 257 1336 1144 1438; baseline -0.01 -20"><span class='ocrx_word' id='word_1_51' title='bbox 257 1336 413 1438; x_wconf 79' lang='grc' dir='ltr'><strong><em>ἐκλύσθη</em></strong></span> <span class='ocrx_word' id='word_1_52' title='bbox 430 1339 465 1415; x_wconf 79' lang='grc' dir='ltr'><strong>δ’</strong></span> <span class='ocrx_word' id='word_1_53' title='bbox 479 1340 550 1416; x_wconf 87' lang='grc' dir='ltr'><strong>ύπο</strong></span> <span class='ocrx_word' id='word_1_54' title='bbox 568 1336 700 1423; x_wconf 80' lang='grc' dir='ltr'><strong><em>πόντος</em></strong></span> <span class='ocrx_word' id='word_1_55' title='bbox 715 1344 960 1438; x_wconf 74' lang='grc' dir='ltr'><strong><em>ἐρεσσομένων</em></strong></span> <span class='ocrx_word' id='word_1_56' title='bbox 976 1337 1144 1438; x_wconf 77' lang='grc' dir='ltr'><strong><em>ἐρετάων.</em></strong></span> 
     </span>
    </p>
   </div>
   <div class='ocr_carea' id='block_1_5' title="bbox 201 1489 1312 2413">
    <p class='ocr_par' dir='ltr' id='par_1_5' title="bbox 201 1489 1312 2413">
     <span class='ocr_line' id='line_1_10' title="bbox 207 1489 1312 1572; baseline -0.008 -1"><span class='ocrx_word' id='word_1_57' title='bbox 207 1489 349 1572; x_wconf 87' lang='grc' dir='ltr'><strong><em>Θύελλα</em></strong></span> <span class='ocrx_word' id='word_1_58' title='bbox 366 1494 467 1563; x_wconf 89' lang='lat' dir='ltr'><strong>etiam</strong></span> <span class='ocrx_word' id='word_1_59' title='bbox 482 1495 622 1564; x_wconf 88' lang='lat' dir='ltr'><strong>Graefio</strong></span> <span class='ocrx_word' id='word_1_60' title='bbox 636 1495 671 1562; x_wconf 92' lang='lat' dir='ltr'><strong>in</strong></span> <span class='ocrx_word' id='word_1_61' title='bbox 685 1503 833 1563; x_wconf 77' lang='lat' dir='ltr'><strong>mentem</strong></span> <span class='ocrx_word' id='word_1_62' title='bbox 848 1495 947 1565; x_wconf 82' lang='lat' dir='ltr'><strong>venit.</strong></span> <span class='ocrx_word' id='word_1_63' title='bbox 998 1494 1160 1562; x_wconf 89' lang='lat' dir='ltr'><strong>Vltimum</strong></span> <span class='ocrx_word' id='word_1_64' title='bbox 1175 1517 1312 1563; x_wconf 88' lang='lat' dir='ltr'><strong>versum</strong></span> 
     </span>
     <span class='ocr_line' id='line_1_11' title="bbox 204 1598 1311 1691; baseline -0.003 -21"><span class='ocrx_word' id='word_1_65' title='bbox 204 1610 243 1670; x_wconf 89' lang='lat' dir='ltr'><strong>ut</strong></span> <span class='ocrx_word' id='word_1_66' title='bbox 266 1601 313 1667; x_wconf 91' lang='lat' dir='ltr'><strong>sic</strong></span> <span class='ocrx_word' id='word_1_67' title='bbox 343 1599 558 1668; x_wconf 89' lang='lat' dir='ltr'><strong>scribendum</strong></span> <span class='ocrx_word' id='word_1_68' title='bbox 581 1607 716 1691; x_wconf 85' lang='lat' dir='ltr'><strong>putem,</strong></span> <span class='ocrx_word' id='word_1_69' title='bbox 750 1599 842 1666; x_wconf 90' lang='lat' dir='ltr'><strong>hanc</strong></span> <span class='ocrx_word' id='word_1_70' title='bbox 867 1599 1031 1666; x_wconf 89' lang='lat' dir='ltr'><strong>rationem</strong></span> <span class='ocrx_word' id='word_1_71' title='bbox 1052 1598 1184 1688; x_wconf 86' lang='lat' dir='ltr'><strong>habeo,</strong></span> <span class='ocrx_word' id='word_1_72' title='bbox 1218 1600 1311 1688; x_wconf 91' lang='lat' dir='ltr'><strong>quod</strong></span> 
     </span>
     <span class='ocr_line' id='line_1_12' title="bbox 205 1701 1310 1795; baseline -0.005 -21"><span class='ocrx_word' id='word_1_73' title='bbox 205 1701 387 1789; x_wconf 82' lang='lat' dir='ltr'><strong>Coluthus‚</strong></span> <span class='ocrx_word' id='word_1_74' title='bbox 414 1703 441 1771; x_wconf 87' lang='lat' dir='ltr'><strong>si</strong></span> <span class='ocrx_word' id='word_1_75' title='bbox 463 1703 559 1772; x_wconf 83' lang='lat' dir='ltr'><strong>scivit</strong></span> <span class='ocrx_word' id='word_1_76' title='bbox 573 1702 657 1792; x_wconf 92' lang='lat' dir='ltr'><strong>quid</strong></span> <span class='ocrx_word' id='word_1_77' title='bbox 677 1703 883 1794; x_wconf 86' lang='lat' dir='ltr'><strong>significaret</strong></span> <span class='ocrx_word' id='word_1_78' title='bbox 903 1702 946 1774; x_wconf 82' lang='grc' dir='ltr'><strong>δέ</strong></span> <span class='ocrx_word' id='word_1_79' title='bbox 957 1728 1019 1790; x_wconf 81' lang='grc' dir='ltr'><strong><em>τε,</em></strong></span> <span class='ocrx_word' id='word_1_80' title='bbox 1045 1725 1115 1771; x_wconf 90' lang='lat' dir='ltr'><strong>non</strong></span> <span class='ocrx_word' id='word_1_81' title='bbox 1137 1703 1250 1795; x_wconf 89' lang='lat' dir='ltr'><strong>potuit</strong></span> <span class='ocrx_word' id='word_1_82' title='bbox 1275 1702 1310 1769; x_wconf 94' lang='lat' dir='ltr'><strong>id</strong></span> 
     </span>
     <span class='ocr_line' id='line_1_13' title="bbox 204 1800 1309 1898; baseline -0.005 -21"><span class='ocrx_word' id='word_1_83' title='bbox 204 1807 360 1877; x_wconf 87' lang='lat' dir='ltr'><strong>scribere.</strong></span> <span class='ocrx_word' id='word_1_84' title='bbox 415 1800 634 1895; x_wconf 78' lang='lat' dir='ltr'><strong>Omninoque</strong></span> <span class='ocrx_word' id='word_1_85' title='bbox 657 1806 750 1898; x_wconf 90' lang='lat' dir='ltr'><strong>apud</strong></span> <span class='ocrx_word' id='word_1_86' title='bbox 770 1806 869 1873; x_wconf 89' lang='lat' dir='ltr'><strong>huius</strong></span> <span class='ocrx_word' id='word_1_87' title='bbox 888 1813 1000 1872; x_wconf 89' lang='lat' dir='ltr'><strong>sectae</strong></span> <span class='ocrx_word' id='word_1_88' title='bbox 1018 1814 1136 1896; x_wconf 85' lang='lat' dir='ltr'><strong>poetas</strong></span> <span class='ocrx_word' id='word_1_89' title='bbox 1156 1828 1309 1896; x_wconf 87' lang='lat' dir='ltr'><strong>perraro,</strong></span> 
     </span>
     <span class='ocr_line' id='line_1_14' title="bbox 203 1906 1310 2003; baseline -0.003 -24"><span class='ocrx_word' id='word_1_90' title='bbox 203 1912 231 1980; x_wconf 89' lang='lat' dir='ltr'><strong>si</strong></span> <span class='ocrx_word' id='word_1_91' title='bbox 248 1930 409 1999; x_wconf 89' lang='lat' dir='ltr'><strong>usquam,</strong></span> <span class='ocrx_word' id='word_1_92' title='bbox 434 1906 496 1978; x_wconf 90' lang='lat' dir='ltr'><strong>has</strong></span> <span class='ocrx_word' id='word_1_93' title='bbox 517 1910 698 2002; x_wconf 88' lang='lat' dir='ltr'><strong>particulas</strong></span> <span class='ocrx_word' id='word_1_94' title='bbox 717 1908 813 2003; x_wconf 81' lang='lat' dir='ltr'><strong>iungi</strong></span> <span class='ocrx_word' id='word_1_95' title='bbox 834 1907 967 1976; x_wconf 84' lang='lat' dir='ltr'><strong>videas:</strong></span> <span class='ocrx_word' id='word_1_96' title='bbox 992 1931 1104 1999; x_wconf 90' lang='lat' dir='ltr'><strong>neque</strong></span> <span class='ocrx_word' id='word_1_97' title='bbox 1128 1908 1166 1976; x_wconf 91' lang='lat' dir='ltr'><strong>id</strong></span> <span class='ocrx_word' id='word_1_98' title='bbox 1186 1908 1310 1976; x_wconf 83' lang='lat' dir='ltr'><strong>mirum</strong></span> 
     </span>
     <span class='ocr_line' id='line_1_15' title="bbox 202 2010 1309 2104; baseline -0.005 -21"><span class='ocrx_word' id='word_1_99' title='bbox 202 2016 237 2083; x_wconf 90' lang='lat' dir='ltr'><strong>in</strong></span> <span class='ocrx_word' id='word_1_100' title='bbox 257 2014 328 2081; x_wconf 93' lang='lat' dir='ltr'><strong>hoc</strong></span> <span class='ocrx_word' id='word_1_101' title='bbox 348 2010 412 2081; x_wconf 87' lang='lat' dir='ltr'><strong>stili</strong></span> <span class='ocrx_word' id='word_1_102' title='bbox 427 2035 565 2104; x_wconf 83' lang='lat' dir='ltr'><strong>genere.</strong></span> <span class='ocrx_word' id='word_1_103' title='bbox 619 2013 736 2098; x_wconf 80' lang='lat' dir='ltr'><strong>Quare</strong></span> <span class='ocrx_word' id='word_1_104' title='bbox 754 2012 913 2100; x_wconf 85' lang='lat' dir='ltr'><strong>viderint,</strong></span> <span class='ocrx_word' id='word_1_105' title='bbox 941 2012 998 2102; x_wconf 92' lang='lat' dir='ltr'><strong>qui</strong></span> <span class='ocrx_word' id='word_1_106' title='bbox 1019 2010 1113 2104; x_wconf 89' lang='lat' dir='ltr'><strong>apud</strong></span> <span class='ocrx_word' id='word_1_107' title='bbox 1130 2011 1309 2103; x_wconf 71' lang='lat' dir='ltr'><strong>&#39;liyphio-</strong></span> 
     </span>
     <span class='ocr_line' id='line_1_16' title="bbox 204 2111 1308 2210; baseline -0.005 -23"><span class='ocrx_word' id='word_1_108' title='bbox 204 2118 327 2187; x_wconf 90' lang='lat' dir='ltr'><strong>dorum</strong></span> <span class='ocrx_word' id='word_1_109' title='bbox 341 2138 372 2186; x_wconf 86' lang='lat' dir='ltr'><strong>v.</strong></span> <span class='ocrx_word' id='word_1_110' title='bbox 387 2111 474 2183; x_wconf 80' lang='lat'><strong>530.</strong></span> <span class='ocrx_word' id='word_1_111' title='bbox 502 2121 542 2186; x_wconf 86' lang='grc' dir='ltr'><strong>οἳ</strong></span> <span class='ocrx_word' id='word_1_112' title='bbox 555 2118 597 2188; x_wconf 82' lang='grc' dir='ltr'><strong>δέ</strong></span> <span class='ocrx_word' id='word_1_113' title='bbox 616 2118 655 2187; x_wconf 84' lang='grc' dir='ltr'><strong>τ’</strong></span> <span class='ocrx_word' id='word_1_114' title='bbox 671 2117 841 2210; x_wconf 81' lang='grc' dir='ltr'><strong><em>ἔλειφθεν</em></strong></span> <span class='ocrx_word' id='word_1_115' title='bbox 862 2115 961 2181; x_wconf 85' lang='lat' dir='ltr'><strong>scribi</strong></span> <span class='ocrx_word' id='word_1_116' title='bbox 982 2117 1177 2201; x_wconf 89' lang='lat' dir='ltr'><strong>voluerunt,</strong></span> <span class='ocrx_word' id='word_1_117' title='bbox 1199 2136 1308 2207; x_wconf 83' lang='lat' dir='ltr'><strong>expu-</strong></span> 
     </span>
     <span class='ocr_line' id='line_1_17' title="bbox 201 2216 1308 2314; baseline -0.007 -25"><span class='ocrx_word' id='word_1_118' title='bbox 201 2219 343 2289; x_wconf 86' lang='lat' dir='ltr'><strong>lerintne</strong></span> <span class='ocrx_word' id='word_1_119' title='bbox 363 2216 480 2285; x_wconf 84' lang='lat' dir='ltr'><strong>vitium</strong></span> <span class='ocrx_word' id='word_1_120' title='bbox 499 2240 543 2283; x_wconf 89' lang='lat' dir='ltr'><strong>an</strong></span> <span class='ocrx_word' id='word_1_121' title='bbox 563 2217 742 2289; x_wconf 87' lang='lat' dir='ltr'><strong>intulerint.</strong></span> <span class='ocrx_word' id='word_1_122' title='bbox 798 2217 917 2303; x_wconf 86' lang='lat' dir='ltr'><strong>Certe,</strong></span> <span class='ocrx_word' id='word_1_123' title='bbox 944 2217 970 2283; x_wconf 93' lang='lat' dir='ltr'><strong>si</strong></span> <span class='ocrx_word' id='word_1_124' title='bbox 990 2220 1202 2314; x_wconf 72' lang='grc' dir='ltr'><strong><em>ἐλέλειφθεν</em></strong></span> <span class='ocrx_word' id='word_1_125' title='bbox 1220 2218 1308 2287; x_wconf 84' lang='lat' dir='ltr'><strong>ferre</strong></span> 
     </span>
     <span class='ocr_line' id='line_1_18' title="bbox 202 2316 970 2413; baseline -0.009 -19"><span class='ocrx_word' id='word_1_126' title='bbox 202 2322 347 2408; x_wconf 87' lang='lat' dir='ltr'><strong>nollent,</strong></span> <span class='ocrx_word' id='word_1_127' title='bbox 374 2320 474 2388; x_wconf 88' lang='lat' dir='ltr'><strong>satius</strong></span> <span class='ocrx_word' id='word_1_128' title='bbox 492 2327 565 2387; x_wconf 91' lang='lat' dir='ltr'><strong>erat</strong></span> <span class='ocrx_word' id='word_1_129' title='bbox 577 2316 798 2413; x_wconf 85' lang='grc' dir='ltr'><strong><em>ύιτέλειφθεν</em></strong></span> <span class='ocrx_word' id='word_1_130' title='bbox 813 2319 970 2388; x_wconf 83' lang='lat' dir='ltr'><strong>scribere.</strong></span> 
     </span>
    </p>
   </div>
   <div class='ocr_carea' id='block_1_6' title="bbox 200 2470 1307 2772">
    <p class='ocr_par' dir='ltr' id='par_1_6' title="bbox 200 2470 1307 2772">
     <span class='ocr_line' id='line_1_19' title="bbox 304 2470 1306 2570; baseline -0.001 -27"><span class='ocrx_word' id='word_1_131' title='bbox 304 2473 347 2543; x_wconf 88' lang='lat' dir='ltr'><strong>V.</strong></span> <span class='ocrx_word' id='word_1_132' title='bbox 362 2470 449 2540; x_wconf 75' lang='lat'><strong>233.</strong></span> <span class='ocrx_word' id='word_1_133' title='bbox 463 2470 642 2541; x_wconf 85' lang='lat' dir='ltr'><strong>Bekkerus</strong></span> <span class='ocrx_word' id='word_1_134' title='bbox 659 2494 679 2541; x_wconf 89' lang='lat' dir='ltr'><strong>e</strong></span> <span class='ocrx_word' id='word_1_135' title='bbox 694 2472 768 2544; x_wconf 88' lang='lat' dir='ltr'><strong>cod</strong></span> <span class='ocrx_word' id='word_1_136' title='bbox 784 2472 872 2540; x_wconf 85' lang='lat' dir='ltr'><strong>Mut</strong></span> <span class='ocrx_word' id='word_1_137' title='bbox 889 2472 1012 2563; x_wconf 91' lang='lat' dir='ltr'><strong>opinor</strong></span> <span class='ocrx_word' id='word_1_138' title='bbox 1022 2471 1117 2540; x_wconf 80' lang='lat' dir='ltr'><strong>dedit</strong></span> <span class='ocrx_word' id='word_1_139' title='bbox 1131 2472 1306 2570; x_wconf 77' lang='grc' dir='ltr'><strong><em>κονίῃσιν.</em></strong></span> 
     </span>
     <span class='ocr_line' id='line_1_20' title="bbox 200 2575 1307 2675; baseline 0.003 -27"><span class='ocrx_word' id='word_1_140' title='bbox 200 2577 346 2648; x_wconf 82' lang='lat' dir='ltr'><strong>Iulianus</strong></span> <span class='ocrx_word' id='word_1_141' title='bbox 359 2599 402 2647; x_wconf 84' lang='lat' dir='ltr'><strong>ex</strong></span> <span class='ocrx_word' id='word_1_142' title='bbox 417 2577 609 2647; x_wconf 88' lang='lat' dir='ltr'><strong>coniectura</strong></span> <span class='ocrx_word' id='word_1_143' title='bbox 622 2599 693 2644; x_wconf 91' lang='lat' dir='ltr'><strong>non</strong></span> <span class='ocrx_word' id='word_1_144' title='bbox 705 2578 794 2645; x_wconf 87' lang='lat' dir='ltr'><strong>male</strong></span> <span class='ocrx_word' id='word_1_145' title='bbox 807 2577 987 2672; x_wconf 84' lang='grc' dir='ltr'><strong><em>κυνέηφιν.</em></strong></span> <span class='ocrx_word' id='word_1_146' title='bbox 1020 2575 1169 2669; x_wconf 84' lang='lat' dir='ltr'><strong>Vulgata</strong></span> <span class='ocrx_word' id='word_1_147' title='bbox 1182 2577 1307 2675; x_wconf 87' lang='grc' dir='ltr'><strong><em>κυνέη-</em></strong></span> 
     </span>
     <span class='ocr_line' id='line_1_21' title="bbox 202 2675 1197 2772; baseline -0.006 -18"><span class='ocrx_word' id='word_1_148' title='bbox 202 2691 271 2756; x_wconf 86' lang='grc' dir='ltr'><strong>θεν</strong></span> <span class='ocrx_word' id='word_1_149' title='bbox 287 2682 314 2750; x_wconf 85' lang='grc' dir='ltr'><strong><em>εἰ</em></strong></span> <span class='ocrx_word' id='word_1_150' title='bbox 327 2704 408 2750; x_wconf 83' lang='lat' dir='ltr'><strong>vera</strong></span> <span class='ocrx_word' id='word_1_151' title='bbox 422 2688 490 2766; x_wconf 90' lang='lat' dir='ltr'><strong>est,</strong></span> <span class='ocrx_word' id='word_1_152' title='bbox 517 2680 755 2772; x_wconf 82' lang='lat' dir='ltr'><strong>coniungenda</strong></span> <span class='ocrx_word' id='word_1_153' title='bbox 774 2688 827 2748; x_wconf 88' lang='lat' dir='ltr'><strong>est</strong></span> <span class='ocrx_word' id='word_1_154' title='bbox 841 2703 917 2747; x_wconf 90' lang='lat' dir='ltr'><strong>cum</strong></span> <span class='ocrx_word' id='word_1_155' title='bbox 932 2675 1197 2753; x_wconf 76' lang='grc' dir='ltr'><strong><em>ἀναστέλλοιεν.</em></strong></span> 
     </span>
    </p>
   </div>
   <div class='ocr_carea' id='block_1_7' title="bbox 199 2827 1307 3447">
    <p class='ocr_par' dir='ltr' id='par_1_7' title="bbox 199 2827 1307 3447">
     <span class='ocr_line' id='line_1_22' title="bbox 304 2827 1306 2926; baseline 0.003 -25"><span class='ocrx_word' id='word_1_156' title='bbox 304 2831 345 2902; x_wconf 87' lang='lat' dir='ltr'><strong>V.</strong></span> <span class='ocrx_word' id='word_1_157' title='bbox 360 2827 446 2901; x_wconf 79' lang='lat'><strong>235.</strong></span> <span class='ocrx_word' id='word_1_158' title='bbox 473 2831 620 2900; x_wconf 85' lang='lat' dir='ltr'><strong>Mirifice</strong></span> <span class='ocrx_word' id='word_1_159' title='bbox 640 2833 726 2926; x_wconf 87' lang='lat' dir='ltr'><strong>lapsi</strong></span> <span class='ocrx_word' id='word_1_160' title='bbox 741 2841 866 2901; x_wconf 90' lang='lat' dir='ltr'><strong>suntet</strong></span> <span class='ocrx_word' id='word_1_161' title='bbox 885 2832 1030 2902; x_wconf 88' lang='lat' dir='ltr'><strong>Iulianus</strong></span> <span class='ocrx_word' id='word_1_162' title='bbox 1047 2843 1081 2901; x_wconf 89' lang='lat' dir='ltr'><strong>et</strong></span> <span class='ocrx_word' id='word_1_163' title='bbox 1099 2856 1222 2902; x_wconf 88' lang='lat' dir='ltr'><strong>censor</strong></span> <span class='ocrx_word' id='word_1_164' title='bbox 1237 2836 1306 2904; x_wconf 89' lang='lat' dir='ltr'><strong>eius</strong></span> 
     </span>
     <span class='ocr_line' id='line_1_23' title="bbox 200 2936 1307 3031; baseline 0 -25"><span class='ocrx_word' id='word_1_165' title='bbox 200 2936 518 3030; x_wconf 85' lang='lat' dir='ltr'><strong>Heidelbergensis‚</strong></span> <span class='ocrx_word' id='word_1_166' title='bbox 545 2937 602 3025; x_wconf 91' lang='lat' dir='ltr'><strong>qui</strong></span> <span class='ocrx_word' id='word_1_167' title='bbox 617 2936 711 3026; x_wconf 91' lang='lat' dir='ltr'><strong>quod</strong></span> <span class='ocrx_word' id='word_1_168' title='bbox 724 2938 758 3005; x_wconf 95' lang='lat' dir='ltr'><strong>in</strong></span> <span class='ocrx_word' id='word_1_169' title='bbox 774 2938 881 3005; x_wconf 89' lang='lat' dir='ltr'><strong>altero</strong></span> <span class='ocrx_word' id='word_1_170' title='bbox 894 2936 1130 3005; x_wconf 87' lang='lat' dir='ltr'><strong>Parisiensium</strong></span> <span class='ocrx_word' id='word_1_171' title='bbox 1144 2938 1307 3031; x_wconf 87' lang='lat' dir='ltr'><strong>scriptum</strong></span> 
     </span>
     <span class='ocr_line' id='line_1_24' title="bbox 202 3034 1306 3136; baseline -0.003 -25"><span class='ocrx_word' id='word_1_172' title='bbox 202 3051 253 3111; x_wconf 89' lang='lat' dir='ltr'><strong>est</strong></span> <span class='ocrx_word' id='word_1_173' title='bbox 274 3034 485 3136; x_wconf 86' lang='grc' dir='ltr'><strong><em>ἀναετήρων</em></strong></span> <span class='ocrx_word' id='word_1_174' title='bbox 501 3049 535 3109; x_wconf 92' lang='lat' dir='ltr'><strong>et</strong></span> <span class='ocrx_word' id='word_1_175' title='bbox 549 3063 652 3132; x_wconf 89' lang='lat' dir='ltr'><strong>supra</strong></span> <span class='ocrx_word' id='word_1_176' title='bbox 666 3034 751 3125; x_wconf 83' lang='grc' dir='ltr'><strong><em>κτό,</em></strong></span> <span class='ocrx_word' id='word_1_177' title='bbox 776 3039 1010 3132; x_wconf 88' lang='lat' dir='ltr'><strong>reponendum</strong></span> <span class='ocrx_word' id='word_1_178' title='bbox 1029 3040 1217 3109; x_wconf 89' lang='lat' dir='ltr'><strong>iudicarunt</strong></span> <span class='ocrx_word' id='word_1_179' title='bbox 1239 3069 1306 3135; x_wconf 83' lang='grc' dir='ltr'><strong>φι-</strong></span> 
     </span>
     <span class='ocr_line' id='line_1_25' title="bbox 200 3141 1305 3230; baseline -0.005 -12"><span class='ocrx_word' id='word_1_180' title='bbox 200 3144 376 3228; x_wconf 75' lang='grc' dir='ltr'><strong><em>λοξείνοιο</em></strong></span> <span class='ocrx_word' id='word_1_181' title='bbox 393 3141 557 3224; x_wconf 86' lang='grc' dir='ltr'><strong><em>ἀνακτος.</em></strong></span> <span class='ocrx_word' id='word_1_182' title='bbox 598 3145 688 3212; x_wconf 89' lang='lat' dir='ltr'><strong>Nam</strong></span> <span class='ocrx_word' id='word_1_183' title='bbox 701 3145 756 3212; x_wconf 88' lang='lat' dir='ltr'><strong>vel</strong></span> <span class='ocrx_word' id='word_1_184' title='bbox 773 3153 930 3212; x_wconf 86' lang='lat' dir='ltr'><strong>accentus</strong></span> <span class='ocrx_word' id='word_1_185' title='bbox 945 3143 1305 3230; x_wconf 85' lang='lat' dir='ltr'><strong>monstraredebebat,</strong></span> 
     </span>
     <span class='ocr_line' id='line_1_26' title="bbox 202 3247 1304 3341; baseline -0.001 -24"><span class='ocrx_word' id='word_1_186' title='bbox 202 3249 401 3341; x_wconf 81' lang='lat' dir='ltr'><strong>scripturam</strong></span> <span class='ocrx_word' id='word_1_187' title='bbox 421 3268 525 3337; x_wconf 86' lang='lat' dir='ltr'><strong>quam</strong></span> <span class='ocrx_word' id='word_1_188' title='bbox 553 3268 655 3336; x_wconf 88' lang='lat' dir='ltr'><strong>supra</strong></span> <span class='ocrx_word' id='word_1_189' title='bbox 676 3247 843 3339; x_wconf 84' lang='lat' dir='ltr'><strong>posuisset</strong></span> <span class='ocrx_word' id='word_1_190' title='bbox 863 3247 898 3324; x_wconf 87' lang='lat' dir='ltr'><strong>in</strong></span> <span class='ocrx_word' id='word_1_191' title='bbox 919 3247 1038 3316; x_wconf 93' lang='lat' dir='ltr'><strong>codice</strong></span> <span class='ocrx_word' id='word_1_192' title='bbox 1056 3248 1114 3316; x_wconf 85' lang='lat' dir='ltr'><strong>illo</strong></span> <span class='ocrx_word' id='word_1_193' title='bbox 1138 3247 1304 3335; x_wconf 88' lang='lat' dir='ltr'><strong>librarius,</strong></span> 
     </span>
     <span class='ocr_line' id='line_1_27' title="bbox 199 3343 901 3447; baseline -0.006 -28"><span class='ocrx_word' id='word_1_194' title='bbox 199 3373 269 3419; x_wconf 91' lang='lat' dir='ltr'><strong>non</strong></span> <span class='ocrx_word' id='word_1_195' title='bbox 284 3349 438 3429; x_wconf 86' lang='grc' dir='ltr'><strong><em>ἀνακτος</em></strong></span> <span class='ocrx_word' id='word_1_196' title='bbox 451 3349 573 3434; x_wconf 84' lang='lat' dir='ltr'><strong>fuisse,</strong></span> <span class='ocrx_word' id='word_1_197' title='bbox 603 3348 665 3417; x_wconf 88' lang='lat' dir='ltr'><strong>sed</strong></span> <span class='ocrx_word' id='word_1_198' title='bbox 681 3343 901 3447; x_wconf 88' lang='grc' dir='ltr'><strong><em>ἀνακτόρων.</em></strong></span> 
     </span>
    </p>
   </div>
   <div class='ocr_carea' id='block_1_8' title="bbox 149 3498 1303 4117">
    <p class='ocr_par' dir='ltr' id='par_1_8' title="bbox 198 3498 1303 3906">
     <span class='ocr_line' id='line_1_28' title="bbox 302 3498 1303 3595; baseline 0.002 -25"><span class='ocrx_word' id='word_1_199' title='bbox 302 3500 344 3570; x_wconf 87' lang='lat' dir='ltr'><strong>V.</strong></span> <span class='ocrx_word' id='word_1_200' title='bbox 368 3498 454 3568; x_wconf 78' lang='lat'><strong>242.</strong></span> <span class='ocrx_word' id='word_1_201' title='bbox 479 3501 731 3587; x_wconf 87' lang='lat' dir='ltr'><strong>Dubitationes,</strong></span> <span class='ocrx_word' id='word_1_202' title='bbox 758 3525 846 3592; x_wconf 86' lang='lat' dir='ltr'><strong>quae</strong></span> <span class='ocrx_word' id='word_1_203' title='bbox 871 3503 996 3570; x_wconf 85' lang='lat' dir='ltr'><strong>multae</strong></span> <span class='ocrx_word' id='word_1_204' title='bbox 1023 3525 1238 3595; x_wconf 80' lang='lat' dir='ltr'><strong>magnaeque</strong></span> <span class='ocrx_word' id='word_1_205' title='bbox 1260 3504 1303 3572; x_wconf 91' lang='lat' dir='ltr'><strong>de</strong></span> 
     </span>
     <span class='ocr_line' id='line_1_29' title="bbox 198 3604 1302 3698; baseline 0.006 -25"><span class='ocrx_word' id='word_1_206' title='bbox 198 3604 267 3674; x_wconf 89' lang='lat' dir='ltr'><strong>hoc</strong></span> <span class='ocrx_word' id='word_1_207' title='bbox 285 3606 363 3673; x_wconf 94' lang='lat' dir='ltr'><strong>loco</strong></span> <span class='ocrx_word' id='word_1_208' title='bbox 380 3612 494 3672; x_wconf 90' lang='lat' dir='ltr'><strong>motae</strong></span> <span class='ocrx_word' id='word_1_209' title='bbox 510 3613 601 3695; x_wconf 88' lang='lat' dir='ltr'><strong>sunt,</strong></span> <span class='ocrx_word' id='word_1_210' title='bbox 626 3606 802 3697; x_wconf 86' lang='lat' dir='ltr'><strong>praeclare</strong></span> <span class='ocrx_word' id='word_1_211' title='bbox 825 3607 1014 3698; x_wconf 86' lang='lat' dir='ltr'><strong>composuit</strong></span> <span class='ocrx_word' id='word_1_212' title='bbox 1034 3605 1208 3694; x_wconf 67' lang='lat' dir='ltr'><strong>(cinaedus,</strong></span> <span class='ocrx_word' id='word_1_213' title='bbox 1236 3634 1302 3680; x_wconf 93' lang='grc' dir='ltr'><strong><em>κυ-</em></strong></span> 
     </span>
     <span class='ocr_line' id='line_1_30' title="bbox 200 3707 1302 3806; baseline 0.002 -31"><span class='ocrx_word' id='word_1_214' title='bbox 200 3710 335 3806; x_wconf 83' lang='grc' dir='ltr'><strong><em>σαμένη</em></strong></span> <span class='ocrx_word' id='word_1_215' title='bbox 348 3707 583 3800; x_wconf 85' lang='lat' dir='ltr'><strong>reponendum</strong></span> <span class='ocrx_word' id='word_1_216' title='bbox 597 3732 755 3795; x_wconf 89' lang='lat' dir='ltr'><strong>monens,</strong></span> <span class='ocrx_word' id='word_1_217' title='bbox 781 3709 884 3776; x_wconf 93' lang='lat' dir='ltr'><strong>modo</strong></span> <span class='ocrx_word' id='word_1_218' title='bbox 904 3733 948 3778; x_wconf 91' lang='lat' dir='ltr'><strong>ne</strong></span> <span class='ocrx_word' id='word_1_219' title='bbox 969 3717 1178 3783; x_wconf 85' lang='lat' dir='ltr'><strong>attrectasset</strong></span> <span class='ocrx_word' id='word_1_220' title='bbox 1199 3734 1302 3801; x_wconf 90' lang='lat' dir='ltr'><strong>prae-</strong></span> 
     </span>
     <span class='ocr_line' id='line_1_31' title="bbox 200 3807 1302 3906; baseline 0.007 -28"><span class='ocrx_word' id='word_1_221' title='bbox 200 3812 354 3880; x_wconf 86' lang='lat' dir='ltr'><strong>cedentia</strong></span> <span class='ocrx_word' id='word_1_222' title='bbox 374 3834 406 3879; x_wconf 82' lang='lat' dir='ltr'><strong>v.</strong></span> <span class='ocrx_word' id='word_1_223' title='bbox 433 3809 519 3882; x_wconf 80' lang='lat'><strong>239.</strong></span> <span class='ocrx_word' id='word_1_224' title='bbox 570 3813 664 3880; x_wconf 93' lang='lat' dir='ltr'><strong>Nihil</strong></span> <span class='ocrx_word' id='word_1_225' title='bbox 686 3813 775 3880; x_wconf 88' lang='lat' dir='ltr'><strong>enim</strong></span> <span class='ocrx_word' id='word_1_226' title='bbox 797 3814 916 3881; x_wconf 89' lang='lat' dir='ltr'><strong>certius</strong></span> <span class='ocrx_word' id='word_1_227' title='bbox 939 3836 1040 3903; x_wconf 87' lang='lat' dir='ltr'><strong>quam</strong></span> <span class='ocrx_word' id='word_1_228' title='bbox 1060 3807 1302 3906; x_wconf 81' lang='grc' dir='ltr'><strong><em>σαραγνάψας</em></strong></span> 
     </span>
    </p>

    <p class='ocr_par' dir='ltr' id='par_1_9' title="bbox 149 3912 1301 4117">
     <span class='ocr_line' id='line_1_32' title="bbox 149 3912 1301 4013; baseline 0.009 -33"><span class='ocrx_word' id='word_1_229' title='bbox 149 4000 151 4004; x_wconf 21' lang='lat'><em>⁴</em></span> <span class='ocrx_word' id='word_1_230' title='bbox 198 3914 233 3981; x_wconf 91' lang='lat' dir='ltr'><strong>in</strong></span> <span class='ocrx_word' id='word_1_231' title='bbox 256 3916 371 3984; x_wconf 90' lang='lat' dir='ltr'><strong>medio</strong></span> <span class='ocrx_word' id='word_1_232' title='bbox 390 3916 538 4007; x_wconf 88' lang='lat' dir='ltr'><strong>positum</strong></span> <span class='ocrx_word' id='word_1_233' title='bbox 554 3939 644 4003; x_wconf 88' lang='lat' dir='ltr'><strong>esse,</strong></span> <span class='ocrx_word' id='word_1_234' title='bbox 670 3927 708 3984; x_wconf 91' lang='lat' dir='ltr'><strong>ut</strong></span> <span class='ocrx_word' id='word_1_235' title='bbox 721 3917 763 3984; x_wconf 89' lang='lat' dir='ltr'><strong>sit</strong></span> <span class='ocrx_word' id='word_1_236' title='bbox 783 3912 1008 4011; x_wconf 82' lang='lat' dir='ltr'><strong>deflectens?</strong></span> <span class='ocrx_word' id='word_1_237' title='bbox 1033 3916 1079 3984; x_wconf 89' lang='lat' dir='ltr'><strong>ad</strong></span> <span class='ocrx_word' id='word_1_238' title='bbox 1097 3915 1301 4013; x_wconf 87' lang='grc' dir='ltr'><strong><em>Καρνείοιο</em></strong></span> 
     </span>
     <span class='ocr_line' id='line_1_33' title="bbox 197 4013 1128 4117; baseline -0.003 -27"><span class='ocrx_word' id='word_1_239' title='bbox 197 4013 395 4092; x_wconf 77' lang='grc' dir='ltr'><strong><em>Ὑακίνθου</em></strong></span> <span class='ocrx_word' id='word_1_240' title='bbox 414 4029 527 4089; x_wconf 86' lang='lat' dir='ltr'><strong>autem</strong></span> <span class='ocrx_word' id='word_1_241' title='bbox 539 4020 649 4112; x_wconf 88' lang='lat' dir='ltr'><strong>repeti</strong></span> <span class='ocrx_word' id='word_1_242' title='bbox 666 4020 792 4089; x_wconf 87' lang='lat' dir='ltr'><strong>debere</strong></span> <span class='ocrx_word' id='word_1_243' title='bbox 809 4015 1011 4117; x_wconf 77' lang='grc' dir='ltr'><strong><em>θηεύμενος</em></strong></span> <span class='ocrx_word' id='word_1_244' title='bbox 1025 4015 1128 4100; x_wconf 82' lang='grc' dir='ltr'><strong><em>εἶδος.</em></strong></span> 
     </span>
    </p>
   </div>
   <div class='ocr_carea' id='block_1_9' title="bbox 147 4169 1300 4375">
    <p class='ocr_par' dir='ltr' id='par_1_10' title="bbox 147 4169 1300 4375">
     <span class='ocr_line' id='line_1_34' title="bbox 225 4169 1300 4265; baseline 0.004 -28"><span class='ocrx_word' id='word_1_245' title='bbox 225 4215 230 4223; x_wconf 76' lang='lat'><em>,</em></span> <span class='ocrx_word' id='word_1_246' title='bbox 302 4170 342 4237; x_wconf 90' lang='lat' dir='ltr'><strong>V.</strong></span> <span class='ocrx_word' id='word_1_247' title='bbox 364 4169 451 4242; x_wconf 70' lang='lat'><strong>247.</strong></span> <span class='ocrx_word' id='word_1_248' title='bbox 478 4174 545 4242; x_wconf 88' lang='lat' dir='ltr'><strong>Hic</strong></span> <span class='ocrx_word' id='word_1_249' title='bbox 566 4196 704 4265; x_wconf 93' lang='lat' dir='ltr'><strong>quoque</strong></span> <span class='ocrx_word' id='word_1_250' title='bbox 719 4183 812 4242; x_wconf 89' lang='lat' dir='ltr'><strong>recte</strong></span> <span class='ocrx_word' id='word_1_251' title='bbox 830 4172 912 4241; x_wconf 92' lang='lat' dir='ltr'><strong>mihi</strong></span> <span class='ocrx_word' id='word_1_252' title='bbox 928 4172 1059 4242; x_wconf 83' lang='lat' dir='ltr'><strong>videtur</strong></span> <span class='ocrx_word' id='word_1_253' title='bbox 1074 4172 1232 4242; x_wconf 88' lang='lat' dir='ltr'><strong>Graefius</strong></span> <span class='ocrx_word' id='word_1_254' title='bbox 1249 4171 1300 4241; x_wconf 89' lang='lat' dir='ltr'><strong>di·</strong></span> 
     </span>
     <span class='ocr_line' id='line_1_35' title="bbox 147 4270 1299 4375; baseline 0.005 -31"><span class='ocrx_word' id='word_1_255' title='bbox 147 4273 198 4346; x_wconf 80' lang='grc'><strong>19</strong></span> <span class='ocrx_word' id='word_1_256' title='bbox 204 4270 347 4361; x_wconf 85' lang='lat' dir='ltr'><strong>vinasse,</strong></span> <span class='ocrx_word' id='word_1_257' title='bbox 372 4275 407 4342; x_wconf 93' lang='lat' dir='ltr'><strong>in</strong></span> <span class='ocrx_word' id='word_1_258' title='bbox 418 4277 580 4345; x_wconf 86' lang='lat' dir='ltr'><strong>mendosa</strong></span> <span class='ocrx_word' id='word_1_259' title='bbox 596 4277 673 4345; x_wconf 92' lang='lat' dir='ltr'><strong>cod.</strong></span> <span class='ocrx_word' id='word_1_260' title='bbox 688 4276 776 4347; x_wconf 91' lang='lat' dir='ltr'><strong>Mut.</strong></span> <span class='ocrx_word' id='word_1_261' title='bbox 789 4278 954 4370; x_wconf 88' lang='lat' dir='ltr'><strong>scriptura</strong></span> <span class='ocrx_word' id='word_1_262' title='bbox 967 4279 1071 4347; x_wconf 88' lang='lat' dir='ltr'><strong>latere</strong></span> <span class='ocrx_word' id='word_1_263' title='bbox 1085 4270 1299 4375; x_wconf 72' lang='grc' dir='ltr'><strong><em>ἀμχιπύροι·</em></strong></span> 
     </span>
    </p>
   </div>
   <div class='ocr_carea' id='block_1_10' title="bbox 199 4377 830 4475">
    <p class='ocr_par' dir='ltr' id='par_1_11' title="bbox 199 4377 830 4475">
     <span class='ocr_line' id='line_1_36' title="bbox 199 4377 830 4475; baseline -0.002 -25"><span class='ocrx_word' id='word_1_264' title='bbox 199 4399 256 4450; x_wconf 68' lang='grc' dir='ltr'><strong>σιτ</strong></span> <span class='ocrx_word' id='word_1_265' title='bbox 280 4377 375 4469; x_wconf 93' lang='lat' dir='ltr'><strong>quod</strong></span> <span class='ocrx_word' id='word_1_266' title='bbox 385 4380 647 4472; x_wconf 85' lang='lat' dir='ltr'><strong>praeferendum</strong></span> <span class='ocrx_word' id='word_1_267' title='bbox 661 4381 830 4475; x_wconf 78' lang='lat' dir='ltr'><strong>vulgatae.</strong></span> 
     </span>
    </p>
   </div>
   <div class='ocr_carea' id='block_1_11' title="bbox 0 0 1426 4920">
    <p class='ocr_par' dir='ltr' id='par_1_12' title="bbox 0 0 1426 4920">
     <span class='ocr_line' id='line_1_37' title="bbox 0 0 1426 4920; baseline 0 3"><span class='ocrx_word' id='word_1_268' title='bbox 0 0 1426 4920; x_wconf 95' lang='lat' dir='ltr'><strong> </strong></span> 
     </span>
    </p>
   </div>
  </div>
 </body>
</html>
