<?xml version="1.0" encoding="UTF-8"?>
<!DOCTYPE html PUBLIC "-//W3C//DTD XHTML 1.0 Transitional//EN"
    "http://www.w3.org/TR/xhtml1/DTD/xhtml1-transitional.dtd">
<html xmlns="http://www.w3.org/1999/xhtml" xml:lang="en" lang="en">
 <head>
  <title>
</title>
<meta http-equiv="Content-Type" content="text/html;charset=utf-8" />
  <meta name='ocr-system' content='tesseract 3.04.00' />
  <meta name='ocr-capabilities' content='ocr_page ocr_carea ocr_par ocr_line ocrx_word'/>
</head>
<body>
  <div class='ocr_page' id='page_1' title='image "./opuscula00hermgoog_0054.png"; bbox 0 0 2842 4920; ppageno 0'>
   <div class='ocr_carea' id='block_1_1' title="bbox 405 378 1198 455">
    <p class='ocr_par' dir='ltr' id='par_1_1' title="bbox 405 378 1198 455">
     <span class='ocr_line' id='line_1_1' title="bbox 405 378 1198 455; baseline 0.003 -13"><span class='ocrx_word' id='word_1_1' title='bbox 405 378 413 390; x_wconf 83' lang='lat'>&#39;</span> <span class='ocrx_word' id='word_1_2' title='bbox 479 382 565 446; x_wconf 73' lang='grc' dir='ltr'><strong>ΗΒ.</strong></span> <span class='ocrx_word' id='word_1_3' title='bbox 585 383 610 445; x_wconf 91' lang='lat'><strong>1.</strong></span> <span class='ocrx_word' id='word_1_4' title='bbox 655 379 756 446; x_wconf 80' lang='grc' dir='ltr'><strong><em>οΔΡ.</em></strong></span> <span class='ocrx_word' id='word_1_5' title='bbox 779 387 812 447; x_wconf 79' lang='grc'><strong>9.</strong></span> <span class='ocrx_word' id='word_1_6' title='bbox 1156 395 1198 455; x_wconf 77' lang='lat'><strong>41</strong></span> 
     </span>
    </p>
   </div>
   <div class='ocr_carea' id='block_1_2' title="bbox 85 573 1199 776">
    <p class='ocr_par' dir='ltr' id='par_1_2' title="bbox 85 573 1199 776">
     <span class='ocr_line' id='line_1_2' title="bbox 85 573 1199 666; baseline 0.004 -21"><span class='ocrx_word' id='word_1_7' title='bbox 85 585 122 646; x_wconf 90' lang='lat' dir='ltr'><strong>et</strong></span> <span class='ocrx_word' id='word_1_8' title='bbox 139 576 321 645; x_wconf 85' lang='lat' dir='ltr'><strong>sententiae</strong></span> <span class='ocrx_word' id='word_1_9' title='bbox 335 574 403 666; x_wconf 88' lang='lat' dir='ltr'><strong>ipsi</strong></span> <span class='ocrx_word' id='word_1_10' title='bbox 417 573 534 643; x_wconf 84' lang='lat' dir='ltr'><strong>melius</strong></span> <span class='ocrx_word' id='word_1_11' title='bbox 554 575 754 645; x_wconf 84' lang='lat' dir='ltr'><strong>couveniens</strong></span> <span class='ocrx_word' id='word_1_12' title='bbox 769 595 887 642; x_wconf 80' lang='lat' dir='ltr'><strong>verum</strong></span> <span class='ocrx_word' id='word_1_13' title='bbox 902 573 1118 646; x_wconf 83' lang='lat' dir='ltr'><strong>iudicandum</strong></span> <span class='ocrx_word' id='word_1_14' title='bbox 1131 588 1199 650; x_wconf 86' lang='lat' dir='ltr'><strong>est:</strong></span> 
     </span>
     <span class='ocr_line' id='line_1_3' title="bbox 85 671 984 776; baseline -0.009 -23"><span class='ocrx_word' id='word_1_15' title='bbox 85 679 140 776; x_wconf 75' lang='grc' dir='ltr'><strong>τῷ</strong></span> <span class='ocrx_word' id='word_1_16' title='bbox 151 678 214 752; x_wconf 74' lang='grc' dir='ltr'><strong>καί</strong></span> <span class='ocrx_word' id='word_1_17' title='bbox 226 681 271 752; x_wconf 82' lang='grc' dir='ltr'><strong>πέ</strong></span> <span class='ocrx_word' id='word_1_18' title='bbox 284 704 341 759; x_wconf 79' lang='grc' dir='ltr'><strong><em>τις</em></strong></span> <span class='ocrx_word' id='word_1_19' title='bbox 357 677 503 768; x_wconf 77' lang='grc' dir='ltr'><strong><em>εὔχεται</em></strong></span> <span class='ocrx_word' id='word_1_20' title='bbox 516 671 620 775; x_wconf 75' lang='grc' dir='ltr'><strong><em>α’νήρ.</em></strong></span> <span class='ocrx_word' id='word_1_21' title='bbox 673 678 731 748; x_wconf 86' lang='lat' dir='ltr'><strong>Sic</strong></span> <span class='ocrx_word' id='word_1_22' title='bbox 742 677 837 749; x_wconf 81' lang='lat' dir='ltr'><strong>llied.</strong></span> <span class='ocrx_word' id='word_1_23' title='bbox 855 707 881 750; x_wconf 92' lang='grc' dir='ltr'><strong><em>ι.</em></strong></span> <span class='ocrx_word' id='word_1_24' title='bbox 897 673 984 747; x_wconf 80' lang='grc'><strong>159.</strong></span> 
     </span>
    </p>
   </div>
   <div class='ocr_carea' id='block_1_3' title="bbox 190 826 1151 927">
    <p class='ocr_par' dir='ltr' id='par_1_3' title="bbox 190 826 1151 927">
     <span class='ocr_line' id='line_1_4' title="bbox 190 826 1151 927; baseline 0.005 -22"><span class='ocrx_word' id='word_1_25' title='bbox 190 828 346 906; x_wconf 79' lang='grc' dir='ltr'><strong><em>τοῦνεκα</em></strong></span> <span class='ocrx_word' id='word_1_26' title='bbox 360 830 422 903; x_wconf 78' lang='grc' dir='ltr'><strong><em>ιαί</em></strong></span> <span class='ocrx_word' id='word_1_27' title='bbox 435 858 477 904; x_wconf 83' lang='grc' dir='ltr'><strong>τε</strong></span> <span class='ocrx_word' id='word_1_28' title='bbox 490 835 660 927; x_wconf 80' lang='grc' dir='ltr'><strong><em>βροτοῖσι</em></strong></span> <span class='ocrx_word' id='word_1_29' title='bbox 673 830 771 905; x_wconf 74' lang='grc' dir='ltr'><strong><em>θεοῖν</em></strong></span> <span class='ocrx_word' id='word_1_30' title='bbox 787 831 957 921; x_wconf 79' lang='grc' dir='ltr'><strong><em>ἔχθιστος</em></strong></span> <span class='ocrx_word' id='word_1_31' title='bbox 969 826 1151 909; x_wconf 73' lang='grc' dir='ltr'><strong><em>ἁπάντων.</em></strong></span> 
     </span>
    </p>
   </div>
   <div class='ocr_carea' id='block_1_4' title="bbox 84 981 1296 4481">
    <p class='ocr_par' dir='ltr' id='par_1_4' title="bbox 84 981 1199 1180">
     <span class='ocr_line' id='line_1_5' title="bbox 84 981 1199 1083; baseline 0.004 -27"><span class='ocrx_word' id='word_1_32' title='bbox 84 986 194 1079; x_wconf 83' lang='lat' dir='ltr'><strong>Apud</strong></span> <span class='ocrx_word' id='word_1_33' title='bbox 214 984 477 1078; x_wconf 76' lang='lat' dir='ltr'><strong>Aristophanem</strong></span> <span class='ocrx_word' id='word_1_34' title='bbox 498 983 532 1050; x_wconf 88' lang='lat' dir='ltr'><strong>in</strong></span> <span class='ocrx_word' id='word_1_35' title='bbox 555 981 643 1057; x_wconf 75' lang='lat' dir='ltr'><strong>Actu</strong></span> <span class='ocrx_word' id='word_1_36' title='bbox 663 981 750 1054; x_wconf 69' lang='lat'><strong>813.</strong></span> <span class='ocrx_word' id='word_1_37' title='bbox 774 983 942 1077; x_wconf 78' lang='lat' dir='ltr'><strong>Boeotus,</strong></span> <span class='ocrx_word' id='word_1_38' title='bbox 975 985 1199 1083; x_wconf 74' lang='lat' dir='ltr'><strong>iuterrogatus</strong></span> 
     </span>
     <span class='ocr_line' id='line_1_6' title="bbox 85 1087 557 1180; baseline -0.008 -22"><span class='ocrx_word' id='word_1_39' title='bbox 85 1089 172 1180; x_wconf 91' lang='lat' dir='ltr'><strong>quid</strong></span> <span class='ocrx_word' id='word_1_40' title='bbox 191 1089 330 1175; x_wconf 78' lang='lat' dir='ltr'><strong>offerat,</strong></span> <span class='ocrx_word' id='word_1_41' title='bbox 355 1087 557 1179; x_wconf 65' lang='lat' dir='ltr'><strong>respondete</strong></span> 
     </span>
    </p>

    <p class='ocr_par' dir='ltr' id='par_1_5' title="bbox 193 1234 943 1335">
     <span class='ocr_line' id='line_1_7' title="bbox 193 1234 943 1335; baseline -0.005 -19"><span class='ocrx_word' id='word_1_42' title='bbox 193 1237 253 1316; x_wconf 83' lang='grc' dir='ltr'><strong>ὅσ’</strong></span> <span class='ocrx_word' id='word_1_43' title='bbox 279 1235 358 1316; x_wconf 78' lang='grc' dir='ltr'><strong><em>ἔστ’</em></strong></span> <span class='ocrx_word' id='word_1_44' title='bbox 385 1239 431 1313; x_wconf 79' lang='grc' dir='ltr'><strong>οἷν</strong></span> <span class='ocrx_word' id='word_1_45' title='bbox 456 1234 585 1335; x_wconf 83' lang='grc' dir='ltr'><strong><em>α’γαθοῖ</em></strong></span> <span class='ocrx_word' id='word_1_46' title='bbox 609 1241 791 1322; x_wconf 83' lang='grc' dir='ltr'><strong><em>Βοιωποῒς</em></strong></span> <span class='ocrx_word' id='word_1_47' title='bbox 816 1236 943 1323; x_wconf 71' lang='grc' dir='ltr'><strong><em>ἁπλοῖς.</em></strong></span> 
     </span>
    </p>

    <p class='ocr_par' dir='ltr' id='par_1_6' title="bbox 88 1394 1293 3236">
     <span class='ocr_line' id='line_1_8' title="bbox 88 1394 1198 1493; baseline 0.005 -28"><span class='ocrx_word' id='word_1_48' title='bbox 88 1396 130 1465; x_wconf 91' lang='lat' dir='ltr'><strong>ld</strong></span> <span class='ocrx_word' id='word_1_49' title='bbox 147 1417 209 1464; x_wconf 89' lang='lat' dir='ltr'><strong>nos</strong></span> <span class='ocrx_word' id='word_1_50' title='bbox 226 1394 434 1479; x_wconf 85' lang='lat' dir='ltr'><strong>diceremus,</strong></span> <span class='ocrx_word' id='word_1_51' title='bbox 459 1417 540 1464; x_wconf 78' lang='lat' dir='ltr'><strong>was</strong></span> <span class='ocrx_word' id='word_1_52' title='bbox 555 1418 595 1465; x_wconf 81' lang='lat' dir='ltr'><strong>eo</strong></span> <span class='ocrx_word' id='word_1_53' title='bbox 611 1405 708 1466; x_wconf 79' lang='lat' dir='ltr'><strong>elwa</strong></span> <span class='ocrx_word' id='word_1_54' title='bbox 721 1395 883 1489; x_wconf 76' lang='lat' dir='ltr'><strong>goresin</strong></span> <span class='ocrx_word' id='word_1_55' title='bbox 901 1395 1073 1467; x_wconf 82' lang='lat' dir='ltr'><strong>Boeotien</strong></span> <span class='ocrx_word' id='word_1_56' title='bbox 1086 1398 1198 1493; x_wconf 75' lang='lat' dir='ltr'><strong>greot.</strong></span> 
     </span>
     <span class='ocr_line' id='line_1_9' title="bbox 89 1498 1199 1591; baseline 0.004 -23"><span class='ocrx_word' id='word_1_57' title='bbox 89 1502 188 1568; x_wconf 82' lang='lat' dir='ltr'><strong>Haec</strong></span> <span class='ocrx_word' id='word_1_58' title='bbox 204 1500 264 1566; x_wconf 83' lang='lat' dir='ltr'><strong>etsi</strong></span> <span class='ocrx_word' id='word_1_59' title='bbox 280 1506 316 1566; x_wconf 91' lang='lat' dir='ltr'><strong>et</strong></span> <span class='ocrx_word' id='word_1_60' title='bbox 331 1498 431 1566; x_wconf 85' lang='lat' dir='ltr'><strong>codd.</strong></span> <span class='ocrx_word' id='word_1_61' title='bbox 446 1501 680 1567; x_wconf 88' lang='lat' dir='ltr'><strong>nonnullorum</strong></span> <span class='ocrx_word' id='word_1_62' title='bbox 697 1510 732 1566; x_wconf 87' lang='lat' dir='ltr'><strong>ct</strong></span> <span class='ocrx_word' id='word_1_63' title='bbox 750 1508 827 1567; x_wconf 89' lang='lat' dir='ltr'><strong>vett.</strong></span> <span class='ocrx_word' id='word_1_64' title='bbox 850 1498 927 1568; x_wconf 84' lang='lat' dir='ltr'><strong>edd</strong></span> <span class='ocrx_word' id='word_1_65' title='bbox 951 1503 1117 1591; x_wconf 84' lang='lat' dir='ltr'><strong>scriptura</strong></span> <span class='ocrx_word' id='word_1_66' title='bbox 1137 1514 1199 1591; x_wconf 78' lang='lat' dir='ltr'><strong>est,</strong></span> 
     </span>
     <span class='ocr_line' id='line_1_10' title="bbox 89 1601 1200 1696; baseline -0.005 -25"><span class='ocrx_word' id='word_1_67' title='bbox 89 1614 203 1671; x_wconf 82' lang='lat' dir='ltr'><strong>tamen</strong></span> <span class='ocrx_word' id='word_1_68' title='bbox 228 1601 348 1691; x_wconf 91' lang='lat' dir='ltr'><strong>optimi</strong></span> <span class='ocrx_word' id='word_1_69' title='bbox 369 1601 507 1690; x_wconf 81' lang='lat' dir='ltr'><strong>quidam</strong></span> <span class='ocrx_word' id='word_1_70' title='bbox 534 1603 609 1668; x_wconf 87' lang='lat' dir='ltr'>libri</span> <span class='ocrx_word' id='word_1_71' title='bbox 628 1602 675 1680; x_wconf 75' lang='grc' dir='ltr'><strong>ἄν</strong></span> <span class='ocrx_word' id='word_1_72' title='bbox 701 1603 872 1687; x_wconf 83' lang='lat' dir='ltr'><strong>omittunt,</strong></span> <span class='ocrx_word' id='word_1_73' title='bbox 909 1602 1009 1675; x_wconf 74' lang='grc' dir='ltr'><strong><em>ἔστιν</em></strong></span> <span class='ocrx_word' id='word_1_74' title='bbox 1039 1606 1200 1696; x_wconf 80' lang='lat' dir='ltr'><strong>scriptum</strong></span> 
     </span>
     <span class='ocr_line' id='line_1_11' title="bbox 90 1702 1201 1796; baseline 0.001 -22"><span class='ocrx_word' id='word_1_75' title='bbox 90 1706 303 1774; x_wconf 79' lang='lat' dir='ltr'><strong>exhibentes:</strong></span> <span class='ocrx_word' id='word_1_76' title='bbox 323 1704 577 1793; x_wconf 83' lang='lat' dir='ltr'><strong>fatendumque,</strong></span> <span class='ocrx_word' id='word_1_77' title='bbox 603 1704 753 1796; x_wconf 88' lang='lat' dir='ltr'><strong>potuisse</strong></span> <span class='ocrx_word' id='word_1_78' title='bbox 769 1702 815 1774; x_wconf 79' lang='grc' dir='ltr'><strong>ἄν</strong></span> <span class='ocrx_word' id='word_1_79' title='bbox 827 1702 913 1771; x_wconf 86' lang='lat' dir='ltr'><strong>vele</strong></span> <span class='ocrx_word' id='word_1_80' title='bbox 928 1705 1039 1794; x_wconf 85' lang='lat' dir='ltr'><strong>prima</strong></span> <span class='ocrx_word' id='word_1_81' title='bbox 1052 1729 1201 1796; x_wconf 86' lang='lat' dir='ltr'><strong>sequeu-</strong></span> 
     </span>
     <span class='ocr_line' id='line_1_12' title="bbox 89 1804 1201 1900; baseline 0.004 -23"><span class='ocrx_word' id='word_1_82' title='bbox 89 1812 130 1877; x_wconf 84' lang='lat' dir='ltr'><strong>tis</strong></span> <span class='ocrx_word' id='word_1_83' title='bbox 144 1808 302 1877; x_wconf 82' lang='lat' dir='ltr'><strong>vocabuli</strong></span> <span class='ocrx_word' id='word_1_84' title='bbox 315 1808 445 1897; x_wconf 83' lang='lat' dir='ltr'>syllaba</span> <span class='ocrx_word' id='word_1_85' title='bbox 459 1808 561 1894; x_wconf 85' lang='lat' dir='ltr'><strong>nasci,</strong></span> <span class='ocrx_word' id='word_1_86' title='bbox 575 1808 629 1876; x_wconf 86' lang='lat' dir='ltr'><strong>rel</strong></span> <span class='ocrx_word' id='word_1_87' title='bbox 643 1831 664 1875; x_wconf 84' lang='lat' dir='ltr'>a</span> <span class='ocrx_word' id='word_1_88' title='bbox 679 1806 835 1892; x_wconf 82' lang='lat' dir='ltr'><strong>metricis,</strong></span> <span class='ocrx_word' id='word_1_89' title='bbox 858 1828 962 1896; x_wconf 92' lang='lat' dir='ltr'><strong>quum</strong></span> <span class='ocrx_word' id='word_1_90' title='bbox 977 1804 1056 1880; x_wconf 80' lang='grc' dir='ltr'><strong><em>ἔστ’</em></strong></span> <span class='ocrx_word' id='word_1_91' title='bbox 1072 1805 1201 1900; x_wconf 72' lang='grc' dir='ltr'><strong><em>οἷγαθεὲ</em></strong></span> 
     </span>
     <span class='ocr_line' id='line_1_13' title="bbox 91 1910 1201 2031; baseline 0.001 -50"><span class='ocrx_word' id='word_1_92' title='bbox 91 1913 254 2002; x_wconf 86' lang='lat' dir='ltr'><strong>scriptum</strong></span> <span class='ocrx_word' id='word_1_93' title='bbox 271 1911 488 1988; x_wconf 85' lang='lat' dir='ltr'><strong>invenissent</strong></span> <span class='ocrx_word' id='word_1_94' title='bbox 513 1910 621 1983; x_wconf 88' lang='lat' dir='ltr'><strong>inseri.</strong></span> <span class='ocrx_word' id='word_1_95' title='bbox 673 1912 752 1980; x_wconf 91' lang='lat' dir='ltr'><strong>Non</strong></span> <span class='ocrx_word' id='word_1_96' title='bbox 770 1911 1015 1979; x_wconf 79' lang='lat' dir='ltr'><strong>lamentationi</strong></span> <span class='ocrx_word' id='word_1_97' title='bbox 1030 1923 1201 2031; x_wconf 78' lang='lat' dir='ltr'><strong>repugnat</strong></span> 
     </span>
     <span class='ocr_line' id='line_1_14' title="bbox 90 2012 1200 2135; baseline 0.003 -53"><span class='ocrx_word' id='word_1_98' title='bbox 90 2015 265 2135; x_wconf 84' lang='lat' dir='ltr'><strong>particula.</strong></span> <span class='ocrx_word' id='word_1_99' title='bbox 317 2012 389 2082; x_wconf 83' lang='lat' dir='ltr'><strong>Sed</strong></span> <span class='ocrx_word' id='word_1_100' title='bbox 408 2021 447 2081; x_wconf 91' lang='lat' dir='ltr'><strong>ut</strong></span> <span class='ocrx_word' id='word_1_101' title='bbox 473 2013 530 2080; x_wconf 89' lang='lat' dir='ltr'><strong>hio</strong></span> <span class='ocrx_word' id='word_1_102' title='bbox 555 2036 624 2082; x_wconf 91' lang='lat' dir='ltr'><strong>uon</strong></span> <span class='ocrx_word' id='word_1_103' title='bbox 647 2013 786 2081; x_wconf 78' lang='lat' dir='ltr'><strong>ferenda</strong></span> <span class='ocrx_word' id='word_1_104' title='bbox 816 2012 987 2101; x_wconf 85' lang='lat' dir='ltr'><strong>videatur,</strong></span> <span class='ocrx_word' id='word_1_105' title='bbox 1014 2015 1099 2134; x_wconf 38' lang='lat' dir='ltr'><strong>,quia</strong></span> <span class='ocrx_word' id='word_1_106' title='bbox 1122 2040 1200 2085; x_wconf 93' lang='lat' dir='ltr'><strong>cum</strong></span> 
     </span>
     <span class='ocr_line' id='line_1_15' title="bbox 90 2115 1201 2211; baseline 0.003 -26"><span class='ocrx_word' id='word_1_107' title='bbox 90 2120 166 2211; x_wconf 91' lang='lat' dir='ltr'><strong>ipso</strong></span> <span class='ocrx_word' id='word_1_108' title='bbox 179 2127 231 2186; x_wconf 86' lang='lat' dir='ltr'><strong>est</strong></span> <span class='ocrx_word' id='word_1_109' title='bbox 247 2117 352 2185; x_wconf 84' lang='lat' dir='ltr'><strong>verbo</strong></span> <span class='ocrx_word' id='word_1_110' title='bbox 370 2124 572 2200; x_wconf 83' lang='lat' dir='ltr'><strong>constructo,</strong></span> <span class='ocrx_word' id='word_1_111' title='bbox 599 2140 667 2186; x_wconf 92' lang='lat' dir='ltr'><strong>uon</strong></span> <span class='ocrx_word' id='word_1_112' title='bbox 683 2115 825 2185; x_wconf 86' lang='lat' dir='ltr'><strong>olleudit</strong></span> <span class='ocrx_word' id='word_1_113' title='bbox 839 2125 971 2199; x_wconf 80' lang='lat' dir='ltr'><strong>tamen,</strong></span> <span class='ocrx_word' id='word_1_114' title='bbox 997 2140 1024 2185; x_wconf 91' lang='lat' dir='ltr'><strong>sr</strong></span> <span class='ocrx_word' id='word_1_115' title='bbox 1014 2117 1201 2188; x_wconf 80' lang='lat' dir='ltr'><strong>adoliam</strong></span> 
     </span>
     <span class='ocr_line' id='line_1_16' title="bbox 91 2220 1293 2347; baseline 0.003 -60"><span class='ocrx_word' id='word_1_116' title='bbox 91 2244 211 2289; x_wconf 84' lang='lat' dir='ltr'><strong>vocem</strong></span> <span class='ocrx_word' id='word_1_117' title='bbox 228 2220 381 2289; x_wconf 86' lang='lat' dir='ltr'><strong>refertur.</strong></span> <span class='ocrx_word' id='word_1_118' title='bbox 433 2220 564 2288; x_wconf 86' lang='lat' dir='ltr'><strong>Illustre</strong></span> <span class='ocrx_word' id='word_1_119' title='bbox 580 2222 772 2313; x_wconf 84' lang='lat' dir='ltr'><strong>exemplum</strong></span> <span class='ocrx_word' id='word_1_120' title='bbox 789 2222 917 2287; x_wconf 68' lang='lat' dir='ltr'><strong>curtat</strong></span> <span class='ocrx_word' id='word_1_121' title='bbox 907 2243 942 2287; x_wconf 91' lang='lat' dir='ltr'><strong>ru</strong></span> <span class='ocrx_word' id='word_1_122' title='bbox 962 2221 1200 2347; x_wconf 78' lang='lat' dir='ltr'><strong>Xenqphoptis</strong></span> <span class='ocrx_word' id='word_1_123' title='bbox 1287 2304 1293 2320; x_wconf 35' lang='grc' dir='ltr'><em>Ι</em></span> 
     </span>
     <span class='ocr_line' id='line_1_17' title="bbox 91 2316 1201 2452; baseline 0.003 -57"><span class='ocrx_word' id='word_1_124' title='bbox 91 2322 352 2452; x_wconf 78' lang='lat' dir='ltr'><strong>Symposio-l,</strong></span> <span class='ocrx_word' id='word_1_125' title='bbox 344 2321 449 2390; x_wconf 74' lang='grc' dir='ltr'><strong>3ἵ.’</strong></span> <span class='ocrx_word' id='word_1_126' title='bbox 430 2350 498 2415; x_wconf 76' lang='grc' dir='ltr'><strong>εγω</strong></span> <span class='ocrx_word' id='word_1_127' title='bbox 490 2317 558 2397; x_wconf 77' lang='grc' dir='ltr'><strong>δὲ</strong></span> <span class='ocrx_word' id='word_1_128' title='bbox 579 2321 675 2444; x_wconf 76' lang='grc' dir='ltr'><strong><em>οὕτω</em></strong></span> <span class='ocrx_word' id='word_1_129' title='bbox 693 2323 763 2414; x_wconf 84' lang='grc' dir='ltr'><strong>μεν</strong></span> <span class='ocrx_word' id='word_1_130' title='bbox 782 2316 945 2394; x_wconf 63' lang='lat' dir='ltr'><strong>notat*</strong></span> <span class='ocrx_word' id='word_1_131' title='bbox 923 2350 1007 2410; x_wconf 80' lang='grc' dir='ltr'><strong><em>εχοι,</em></strong></span> <span class='ocrx_word' id='word_1_132' title='bbox 1034 2321 1079 2404; x_wconf 67' lang='grc' dir='ltr'><strong>οἷς</strong></span> <span class='ocrx_word' id='word_1_133' title='bbox 1095 2320 1201 2415; x_wconf 83' lang='grc' dir='ltr'><strong><em>μόλις</em></strong></span> 
     </span>
     <span class='ocr_line' id='line_1_18' title="bbox 92 2419 1201 2521; baseline -0.004 -22"><span class='ocrx_word' id='word_1_134' title='bbox 92 2454 188 2500; x_wconf 83' lang='grc' dir='ltr'><strong><em>αντα</em></strong></span> <span class='ocrx_word' id='word_1_135' title='bbox 206 2427 267 2499; x_wconf 82' lang='grc' dir='ltr'><strong>ναὶ</strong></span> <span class='ocrx_word' id='word_1_136' title='bbox 283 2419 352 2519; x_wconf 68' lang='grc' dir='ltr'><strong>ἐγώ</strong></span> <span class='ocrx_word' id='word_1_137' title='bbox 364 2424 410 2498; x_wconf 76' lang='grc' dir='ltr'><strong>οἷν</strong></span> <span class='ocrx_word' id='word_1_138' title='bbox 426 2452 537 2506; x_wconf 83' lang='grc' dir='ltr'><strong><em>αοτος</em></strong></span> <span class='ocrx_word' id='word_1_139' title='bbox 553 2423 710 2521; x_wconf 75' lang='grc' dir='ltr'><strong><em>εορίσκω.</em></strong></span> <span class='ocrx_word' id='word_1_140' title='bbox 762 2424 942 2494; x_wconf 86' lang='lat' dir='ltr'><strong>Delevit</strong></span> <span class='ocrx_word' id='word_1_141' title='bbox 917 2453 964 2496; x_wconf 89' lang='grc' dir='ltr'><strong>αν</strong></span> <span class='ocrx_word' id='word_1_142' title='bbox 985 2425 1201 2516; x_wconf 84' lang='lat' dir='ltr'><strong>Schaelerus,</strong></span> 
     </span>
     <span class='ocr_line' id='line_1_19' title="bbox 92 2528 1202 2622; baseline 0.002 -26"><span class='ocrx_word' id='word_1_143' title='bbox 92 2553 194 2620; x_wconf 92' lang='lat' dir='ltr'><strong>quem</strong></span> <span class='ocrx_word' id='word_1_144' title='bbox 208 2553 318 2622; x_wconf 89' lang='lat' dir='ltr'><strong>nuper</strong></span> <span class='ocrx_word' id='word_1_145' title='bbox 331 2538 490 2618; x_wconf 85' lang='lat' dir='ltr'><strong>sequutus</strong></span> <span class='ocrx_word' id='word_1_146' title='bbox 504 2530 610 2596; x_wconf 90' lang='lat' dir='ltr'><strong>estL.</strong></span> <span class='ocrx_word' id='word_1_147' title='bbox 630 2528 836 2596; x_wconf 85' lang='lat' dir='ltr'><strong>Diodorlius.</strong></span> <span class='ocrx_word' id='word_1_148' title='bbox 887 2529 966 2595; x_wconf 91' lang='lat' dir='ltr'><strong>Non</strong></span> <span class='ocrx_word' id='word_1_149' title='bbox 988 2537 1098 2613; x_wconf 87' lang='lat' dir='ltr'><strong>recte,</strong></span> <span class='ocrx_word' id='word_1_150' title='bbox 1124 2553 1202 2598; x_wconf 80' lang='lat' dir='ltr'><strong>mee</strong></span> 
     </span>
     <span class='ocr_line' id='line_1_20' title="bbox 93 2629 1202 2722; baseline 0.004 -20"><span class='ocrx_word' id='word_1_151' title='bbox 93 2635 264 2702; x_wconf 63' lang='lat' dir='ltr'><strong>sententio⁴</strong></span> <span class='ocrx_word' id='word_1_152' title='bbox 314 2631 490 2721; x_wconf 88' lang='lat' dir='ltr'><strong>Numquid</strong></span> <span class='ocrx_word' id='word_1_153' title='bbox 507 2632 595 2700; x_wconf 91' lang='lat' dir='ltr'><strong>euim</strong></span> <span class='ocrx_word' id='word_1_154' title='bbox 616 2630 709 2699; x_wconf 84' lang='lat' dir='ltr'><strong>aliud</strong></span> <span class='ocrx_word' id='word_1_155' title='bbox 726 2640 777 2699; x_wconf 88' lang='lat' dir='ltr'><strong>est</strong></span> <span class='ocrx_word' id='word_1_156' title='bbox 796 2629 880 2698; x_wconf 91' lang='lat' dir='ltr'><strong>illud</strong></span> <span class='ocrx_word' id='word_1_157' title='bbox 893 2629 1154 2722; x_wconf 85' lang='lat' dir='ltr'><strong>Sophoclis,</strong></span> <span class='ocrx_word' id='word_1_158' title='bbox 1120 2661 1202 2706; x_wconf 83' lang='grc' dir='ltr'><strong><em>ειτα</em></strong></span> 
     </span>
     <span class='ocr_line' id='line_1_21' title="bbox 92 2730 1202 2832; baseline -0.005 -23"><span class='ocrx_word' id='word_1_159' title='bbox 92 2738 163 2832; x_wconf 79' lang='grc' dir='ltr'><strong>πῦρ</strong></span> <span class='ocrx_word' id='word_1_160' title='bbox 182 2737 228 2808; x_wconf 76' lang='grc' dir='ltr'><strong>ἄν</strong></span> <span class='ocrx_word' id='word_1_161' title='bbox 253 2730 298 2807; x_wconf 78' lang='grc' dir='ltr'><strong>οὐ</strong></span> <span class='ocrx_word' id='word_1_162' title='bbox 314 2735 453 2829; x_wconf 80' lang='grc' dir='ltr'><strong><em>παρῆν,</em></strong></span> <span class='ocrx_word' id='word_1_163' title='bbox 481 2743 516 2802; x_wconf 92' lang='lat' dir='ltr'><strong>et</strong></span> <span class='ocrx_word' id='word_1_164' title='bbox 529 2758 617 2825; x_wconf 81' lang='lat' dir='ltr'><strong>quae</strong></span> <span class='ocrx_word' id='word_1_165' title='bbox 629 2734 775 2827; x_wconf 81' lang='lat' dir='ltr'><strong>plurima</strong></span> <span class='ocrx_word' id='word_1_166' title='bbox 792 2735 908 2803; x_wconf 86' lang='lat' dir='ltr'><strong>similia</strong></span> <span class='ocrx_word' id='word_1_167' title='bbox 929 2757 1033 2825; x_wconf 86' lang='lat' dir='ltr'><strong>supra</strong></span> <span class='ocrx_word' id='word_1_168' title='bbox 1053 2757 1202 2804; x_wconf 90' lang='lat' dir='ltr'><strong>comme·</strong></span> 
     </span>
     <span class='ocr_line' id='line_1_22' title="bbox 92 2834 1202 2932; baseline 0.002 -23"><span class='ocrx_word' id='word_1_169' title='bbox 92 2838 317 2908; x_wconf 73' lang='lat' dir='ltr'><strong>mouerimus?</strong></span> <span class='ocrx_word' id='word_1_170' title='bbox 342 2839 507 2905; x_wconf 85' lang='lat' dir='ltr'><strong>Nimirum</strong></span> <span class='ocrx_word' id='word_1_171' title='bbox 527 2839 575 2906; x_wconf 84' lang='lat' dir='ltr'><strong>sio</strong></span> <span class='ocrx_word' id='word_1_172' title='bbox 590 2847 641 2907; x_wconf 86' lang='lat' dir='ltr'><strong>est</strong></span> <span class='ocrx_word' id='word_1_173' title='bbox 655 2838 741 2906; x_wconf 95' lang='lat' dir='ltr'><strong>illud</strong></span> <span class='ocrx_word' id='word_1_174' title='bbox 755 2837 1009 2930; x_wconf 82' lang='lat' dir='ltr'><strong>explicandum,</strong></span> <span class='ocrx_word' id='word_1_175' title='bbox 1022 2876 1025 2881; x_wconf 96' lang='lat'>·</span> <span class='ocrx_word' id='word_1_176' title='bbox 1036 2835 1082 2919; x_wconf 77' lang='lat' dir='ltr'><strong>cic</strong></span> <span class='ocrx_word' id='word_1_177' title='bbox 1096 2834 1202 2932; x_wconf 81' lang='grc' dir='ltr'><strong><em>μόλις</em></strong></span> 
     </span>
     <span class='ocr_line' id='line_1_23' title="bbox 95 2934 1202 3036; baseline -0.007 -21"><span class='ocrx_word' id='word_1_178' title='bbox 95 2936 193 3015; x_wconf 74' lang='grc' dir='ltr'><strong><em>αὕτα</em></strong></span> <span class='ocrx_word' id='word_1_179' title='bbox 203 2941 264 3023; x_wconf 77' lang='grc' dir='ltr'><strong>ναὶ</strong></span> <span class='ocrx_word' id='word_1_180' title='bbox 280 2943 316 3012; x_wconf 81' lang='grc' dir='ltr'><strong>εἰ</strong></span> <span class='ocrx_word' id='word_1_181' title='bbox 326 2934 395 3032; x_wconf 68' lang='grc' dir='ltr'><strong>ἐγώ</strong></span> <span class='ocrx_word' id='word_1_182' title='bbox 409 2935 520 3020; x_wconf 79' lang='grc' dir='ltr'><strong><em>αοίὀς</em></strong></span> <span class='ocrx_word' id='word_1_183' title='bbox 535 2940 677 3036; x_wconf 73' lang='grc' dir='ltr'><strong><em>ζρτοίην</em></strong></span> <span class='ocrx_word' id='word_1_184' title='bbox 693 2939 854 3033; x_wconf 77' lang='grc' dir='ltr'><strong><em>εὑρίσκω.</em></strong></span> <span class='ocrx_word' id='word_1_185' title='bbox 906 2941 1003 3008; x_wconf 83' lang='grc' dir='ltr'><strong><em>Ηοοσ</em></strong></span> <span class='ocrx_word' id='word_1_186' title='bbox 1020 2941 1121 3032; x_wconf 83' lang='lat' dir='ltr'><strong>igitur</strong></span> <span class='ocrx_word' id='word_1_187' title='bbox 1143 2943 1202 3030; x_wconf 90' lang='lat' dir='ltr'><strong>qui</strong></span> 
     </span>
     <span class='ocr_line' id='line_1_24' title="bbox 94 3043 1202 3134; baseline -0.003 -21"><span class='ocrx_word' id='word_1_188' title='bbox 94 3046 248 3129; x_wconf 83' lang='lat' dir='ltr'><strong>damnet,</strong></span> <span class='ocrx_word' id='word_1_189' title='bbox 274 3045 432 3134; x_wconf 86' lang='lat' dir='ltr'><strong>quoniam</strong></span> <span class='ocrx_word' id='word_1_190' title='bbox 451 3043 580 3109; x_wconf 85' lang='lat' dir='ltr'><strong>rariora</strong></span> <span class='ocrx_word' id='word_1_191' title='bbox 594 3051 685 3126; x_wconf 86' lang='lat' dir='ltr'><strong>suut,</strong></span> <span class='ocrx_word' id='word_1_192' title='bbox 711 3064 831 3108; x_wconf 85' lang='lat' dir='ltr'><strong>vereor</strong></span> <span class='ocrx_word' id='word_1_193' title='bbox 852 3064 894 3109; x_wconf 92' lang='lat' dir='ltr'><strong>ne</strong></span> <span class='ocrx_word' id='word_1_194' title='bbox 914 3064 1035 3132; x_wconf 82' lang='lat' dir='ltr'><strong>parum</strong></span> <span class='ocrx_word' id='word_1_195' title='bbox 1057 3066 1202 3134; x_wconf 82' lang='lat' dir='ltr'><strong>perspe-</strong></span> 
     </span>
     <span class='ocr_line' id='line_1_25' title="bbox 95 3144 862 3236; baseline -0.009 -20"><span class='ocrx_word' id='word_1_196' title='bbox 95 3160 182 3216; x_wconf 77' lang='lat' dir='ltr'><strong>ctam</strong></span> <span class='ocrx_word' id='word_1_197' title='bbox 196 3148 323 3215; x_wconf 87' lang='lat' dir='ltr'><strong>habeat</strong></span> <span class='ocrx_word' id='word_1_198' title='bbox 336 3146 459 3215; x_wconf 82' lang='lat' dir='ltr'><strong>Graeci</strong></span> <span class='ocrx_word' id='word_1_199' title='bbox 474 3145 636 3213; x_wconf 87' lang='lat' dir='ltr'><strong>sermonis</strong></span> <span class='ocrx_word' id='word_1_200' title='bbox 652 3144 862 3236; x_wconf 81' lang='lat' dir='ltr'><strong>elegantiam.</strong></span> 
     </span>
    </p>

    <p class='ocr_par' dir='ltr' id='par_1_7' title="bbox 92 3247 1296 4481">
     <span class='ocr_line' id='line_1_26' title="bbox 194 3247 1296 3340; baseline -0.007 -21"><span class='ocrx_word' id='word_1_201' title='bbox 194 3250 251 3319; x_wconf 87' lang='lat' dir='ltr'><strong>Ab</strong></span> <span class='ocrx_word' id='word_1_202' title='bbox 273 3250 341 3316; x_wconf 95' lang='lat' dir='ltr'><strong>hoc</strong></span> <span class='ocrx_word' id='word_1_203' title='bbox 363 3250 522 3339; x_wconf 85' lang='lat' dir='ltr'><strong>exemplo</strong></span> <span class='ocrx_word' id='word_1_204' title='bbox 542 3258 578 3317; x_wconf 91' lang='lat' dir='ltr'><strong>ut</strong></span> <span class='ocrx_word' id='word_1_205' title='bbox 602 3250 670 3315; x_wconf 85' lang='lat' dir='ltr'><strong>iam</strong></span> <span class='ocrx_word' id='word_1_206' title='bbox 686 3247 730 3315; x_wconf 88' lang='lat' dir='ltr'><strong>ad</strong></span> <span class='ocrx_word' id='word_1_207' title='bbox 757 3247 841 3316; x_wconf 92' lang='lat' dir='ltr'><strong>illud</strong></span> <span class='ocrx_word' id='word_1_208' title='bbox 855 3269 962 3340; x_wconf 83' lang='lat' dir='ltr'><strong>genus</strong></span> <span class='ocrx_word' id='word_1_209' title='bbox 982 3254 1201 3335; x_wconf 84' lang='lat' dir='ltr'><strong>transeamus,</strong></span> <span class='ocrx_word' id='word_1_210' title='bbox 1292 3276 1296 3285; x_wconf 94' lang='lat'><em>·</em></span> 
     </span>
     <span class='ocr_line' id='line_1_27' title="bbox 93 3352 1203 3446; baseline -0.007 -23"><span class='ocrx_word' id='word_1_211' title='bbox 93 3358 127 3423; x_wconf 88' lang='lat' dir='ltr'><strong>in</strong></span> <span class='ocrx_word' id='word_1_212' title='bbox 142 3377 212 3446; x_wconf 90' lang='lat' dir='ltr'><strong>quo</strong></span> <span class='ocrx_word' id='word_1_213' title='bbox 226 3353 391 3445; x_wconf 80' lang='lat' dir='ltr'><strong>particulo</strong></span> <span class='ocrx_word' id='word_1_214' title='bbox 400 3374 470 3420; x_wconf 89' lang='lat' dir='ltr'><strong>uon</strong></span> <span class='ocrx_word' id='word_1_215' title='bbox 484 3362 534 3420; x_wconf 86' lang='lat' dir='ltr'><strong>est</strong></span> <span class='ocrx_word' id='word_1_216' title='bbox 550 3354 688 3445; x_wconf 86' lang='lat' dir='ltr'><strong>proprie</strong></span> <span class='ocrx_word' id='word_1_217' title='bbox 698 3373 776 3419; x_wconf 90' lang='lat' dir='ltr'><strong>cum</strong></span> <span class='ocrx_word' id='word_1_218' title='bbox 789 3352 894 3419; x_wconf 86' lang='lat' dir='ltr'><strong>verbo</strong></span> <span class='ocrx_word' id='word_1_219' title='bbox 908 3359 1108 3441; x_wconf 80' lang='lat' dir='ltr'><strong>coqstructo,</strong></span> <span class='ocrx_word' id='word_1_220' title='bbox 1133 3370 1203 3416; x_wconf 89' lang='lat' dir='ltr'><strong>nou</strong></span> 
     </span>
     <span class='ocr_line' id='line_1_28' title="bbox 92 3453 1202 3551; baseline -0.005 -26"><span class='ocrx_word' id='word_1_221' title='bbox 92 3481 205 3551; x_wconf 83' lang='lat' dir='ltr'><strong>pauca</strong></span> <span class='ocrx_word' id='word_1_222' title='bbox 222 3455 413 3523; x_wconf 85' lang='lat' dir='ltr'><strong>huiusmodi</strong></span> <span class='ocrx_word' id='word_1_223' title='bbox 425 3456 653 3542; x_wconf 86' lang='lat' dir='ltr'><strong>inveniuntur,</strong></span> <span class='ocrx_word' id='word_1_224' title='bbox 679 3478 767 3545; x_wconf 89' lang='lat' dir='ltr'><strong>quae</strong></span> <span class='ocrx_word' id='word_1_225' title='bbox 789 3477 872 3523; x_wconf 81' lang='lat' dir='ltr'><strong>care</strong></span> <span class='ocrx_word' id='word_1_226' title='bbox 894 3462 1021 3521; x_wconf 89' lang='lat' dir='ltr'><strong>temere</strong></span> <span class='ocrx_word' id='word_1_227' title='bbox 1041 3453 1202 3544; x_wconf 85' lang='lat' dir='ltr'><strong>corrigas.</strong></span> 
     </span>
     <span class='ocr_line' id='line_1_29' title="bbox 93 3552 1203 3652; baseline -0.008 -22"><span class='ocrx_word' id='word_1_228' title='bbox 93 3563 171 3630; x_wconf 90' lang='lat' dir='ltr'><strong>Nou</strong></span> <span class='ocrx_word' id='word_1_229' title='bbox 187 3573 238 3628; x_wconf 89' lang='lat' dir='ltr'><strong>cst</strong></span> <span class='ocrx_word' id='word_1_230' title='bbox 252 3558 377 3628; x_wconf 86' lang='lat' dir='ltr'><strong>adhoc</strong></span> <span class='ocrx_word' id='word_1_231' title='bbox 393 3582 502 3652; x_wconf 82' lang='lat' dir='ltr'><strong>genus</strong></span> <span class='ocrx_word' id='word_1_232' title='bbox 522 3558 717 3627; x_wconf 79' lang='lat' dir='ltr'><strong>referendus</strong></span> <span class='ocrx_word' id='word_1_233' title='bbox 730 3558 825 3626; x_wconf 89' lang='lat' dir='ltr'><strong>locus</strong></span> <span class='ocrx_word' id='word_1_234' title='bbox 839 3556 1053 3649; x_wconf 76' lang='lat' dir='ltr'><strong>Thucydidis</strong></span> <span class='ocrx_word' id='word_1_235' title='bbox 1066 3555 1124 3622; x_wconf 83' lang='lat' dir='ltr'><strong>lv.</strong></span> <span class='ocrx_word' id='word_1_236' title='bbox 1140 3552 1203 3623; x_wconf 83' lang='grc'><strong>63.</strong></span> 
     </span>
     <span class='ocr_line' id='line_1_30' title="bbox 93 3658 1203 3754; baseline -0.006 -22"><span class='ocrx_word' id='word_1_237' title='bbox 93 3663 321 3732; x_wconf 82' lang='lat' dir='ltr'><strong>memorabilis</strong></span> <span class='ocrx_word' id='word_1_238' title='bbox 349 3662 406 3729; x_wconf 92' lang='lat' dir='ltr'><strong>ille</strong></span> <span class='ocrx_word' id='word_1_239' title='bbox 427 3671 571 3754; x_wconf 88' lang='lat' dir='ltr'><strong>propter</strong></span> <span class='ocrx_word' id='word_1_240' title='bbox 597 3661 805 3748; x_wconf 88' lang='lat' dir='ltr'><strong>liberiorem,</strong></span> <span class='ocrx_word' id='word_1_241' title='bbox 840 3660 902 3729; x_wconf 91' lang='lat' dir='ltr'><strong>sed</strong></span> <span class='ocrx_word' id='word_1_242' title='bbox 934 3671 1047 3728; x_wconf 89' lang='lat' dir='ltr'><strong>tamen</strong></span> <span class='ocrx_word' id='word_1_243' title='bbox 1082 3658 1203 3726; x_wconf 78' lang='lat' dir='ltr'><strong>iustam</strong></span> 
     </span>
     <span class='ocr_line' id='line_1_31' title="bbox 94 3754 1201 3860; baseline -0.002 -26"><span class='ocrx_word' id='word_1_244' title='bbox 94 3769 276 3836; x_wconf 68' lang='lat' dir='ltr'><strong>uerborum</strong></span> <span class='ocrx_word' id='word_1_245' title='bbox 296 3774 515 3833; x_wconf 87' lang='lat' dir='ltr'><strong>structuram:</strong></span> <span class='ocrx_word' id='word_1_246' title='bbox 540 3792 585 3837; x_wconf 85' lang='grc' dir='ltr'><strong>πο</strong></span> <span class='ocrx_word' id='word_1_247' title='bbox 578 3758 741 3857; x_wconf 75' lang='grc' dir='ltr'><strong><em>ξύμπαν</em></strong></span> <span class='ocrx_word' id='word_1_248' title='bbox 760 3792 803 3838; x_wconf 82' lang='grc' dir='ltr'><strong>πε</strong></span> <span class='ocrx_word' id='word_1_249' title='bbox 820 3757 865 3860; x_wconf 85' lang='grc' dir='ltr'><strong>δη</strong></span> <span class='ocrx_word' id='word_1_250' title='bbox 877 3763 1038 3857; x_wconf 66' lang='grc' dir='ltr'><strong><em>γνοῖμεν,</em></strong></span> <span class='ocrx_word' id='word_1_251' title='bbox 1066 3754 1201 3834; x_wconf 81' lang='grc' dir='ltr'><strong><em>πειθό-</em></strong></span> 
     </span>
     <span class='ocr_line' id='line_1_32' title="bbox 93 3858 1188 3963; baseline -0.007 -20"><span class='ocrx_word' id='word_1_252' title='bbox 93 3897 201 3962; x_wconf 87' lang='grc' dir='ltr'><strong><em>μενοι</em></strong></span> <span class='ocrx_word' id='word_1_253' title='bbox 222 3869 291 3963; x_wconf 82' lang='grc' dir='ltr'><strong><em>μιν</em></strong></span> <span class='ocrx_word' id='word_1_254' title='bbox 309 3867 409 3959; x_wconf 82' lang='grc' dir='ltr'><strong><em>ἐμοί,</em></strong></span> <span class='ocrx_word' id='word_1_255' title='bbox 436 3861 544 3940; x_wconf 82' lang='grc' dir='ltr'><strong><em>πόλιν</em></strong></span> <span class='ocrx_word' id='word_1_256' title='bbox 564 3872 746 3948; x_wconf 74' lang='grc' dir='ltr'><strong><em>ἕξοντες“’</em></strong></span> <span class='ocrx_word' id='word_1_257' title='bbox 724 3892 872 3947; x_wconf 82' lang='grc' dir='ltr'><strong><em>ειαστος</em></strong></span> <span class='ocrx_word' id='word_1_258' title='bbox 892 3858 1159 3960; x_wconf 26' lang='lat' dir='ltr'><strong>&amp;lev-orfime,</strong></span> <span class='ocrx_word' id='word_1_259' title='bbox 1134 3891 1188 3958; x_wconf 77' lang='grc' dir='ltr'><strong>αφ</strong></span> 
     </span>
     <span class='ocr_line' id='line_1_33' title="bbox 93 3965 1204 4069; baseline -0.003 -28"><span class='ocrx_word' id='word_1_260' title='bbox 93 3970 132 4069; x_wconf 76' lang='grc' dir='ltr'><strong>ἧς</strong></span> <span class='ocrx_word' id='word_1_261' title='bbox 157 3965 427 4066; x_wconf 76' lang='grc' dir='ltr'><strong><em>αὐτοκράτορες</em></strong></span> <span class='ocrx_word' id='word_1_262' title='bbox 443 3968 544 4049; x_wconf 81' lang='grc' dir='ltr'><strong><em>ὄντες</em></strong></span> <span class='ocrx_word' id='word_1_263' title='bbox 563 3997 630 4042; x_wconf 83' lang='grc' dir='ltr'><strong>πον</strong></span> <span class='ocrx_word' id='word_1_264' title='bbox 652 3966 691 4041; x_wconf 80' lang='grc' dir='ltr'><strong>εὖ</strong></span> <span class='ocrx_word' id='word_1_265' title='bbox 706 3967 765 4040; x_wconf 78' lang='grc' dir='ltr'><strong>ναὶ</strong></span> <span class='ocrx_word' id='word_1_266' title='bbox 780 3970 892 4050; x_wconf 72' lang='grc' dir='ltr'><strong><em>κανοῖς</em></strong></span> <span class='ocrx_word' id='word_1_267' title='bbox 906 3967 1049 4064; x_wconf 81' lang='grc' dir='ltr'><strong><em>δριοντα</em></strong></span> <span class='ocrx_word' id='word_1_268' title='bbox 1071 3968 1141 4048; x_wconf 80' lang='grc' dir='ltr'><strong>ἑξ”</strong></span> <span class='ocrx_word' id='word_1_269' title='bbox 1123 3993 1204 4039; x_wconf 87' lang='grc' dir='ltr'><strong><em>ισοο</em></strong></span> 
     </span>
     <span class='ocr_line' id='line_1_34' title="bbox 95 4062 1204 4170; baseline -0.006 -23"><span class='ocrx_word' id='word_1_270' title='bbox 95 4073 207 4170; x_wconf 84' lang='grc' dir='ltr'><strong><em>οἱρετῃ</em></strong></span> <span class='ocrx_word' id='word_1_271' title='bbox 193 4067 488 4165; x_wconf 80' lang='grc' dir='ltr'><strong><em>οἷμονούμεθα</em></strong></span> <span class='ocrx_word' id='word_1_272' title='bbox 514 4098 559 4167; x_wconf 86' lang='grc' dir='ltr'><strong>ην</strong></span> <span class='ocrx_word' id='word_1_273' title='bbox 574 4067 652 4144; x_wconf 78' lang='grc' dir='ltr'><strong>δὲ’</strong></span> <span class='ocrx_word' id='word_1_274' title='bbox 628 4064 891 4166; x_wconf 82' lang='grc' dir='ltr'><strong><em>απιστῆσανπες</em></strong></span> <span class='ocrx_word' id='word_1_275' title='bbox 908 4066 1065 4149; x_wconf 84' lang='grc' dir='ltr'><strong><em>ἄλλοις</em></strong></span> <span class='ocrx_word' id='word_1_276' title='bbox 1044 4062 1204 4141; x_wconf 76' lang='grc' dir='ltr'><strong><em>οπαιιού-</em></strong></span> 
     </span>
     <span class='ocr_line' id='line_1_35' title="bbox 95 4167 1204 4298; baseline -0.005 -50"><span class='ocrx_word' id='word_1_277' title='bbox 95 4204 225 4269; x_wconf 85' lang='grc' dir='ltr'><strong><em>σωμεν,</em></strong></span> <span class='ocrx_word' id='word_1_278' title='bbox 255 4173 300 4249; x_wconf 79' lang='grc' dir='ltr'><strong>ού</strong></span> <span class='ocrx_word' id='word_1_279' title='bbox 313 4174 395 4270; x_wconf 81' lang='grc' dir='ltr'><strong><em>περὶ</em></strong></span> <span class='ocrx_word' id='word_1_280' title='bbox 408 4203 476 4247; x_wconf 86' lang='grc' dir='ltr'><strong>που</strong></span> <span class='ocrx_word' id='word_1_281' title='bbox 463 4168 778 4298; x_wconf 79' lang='grc' dir='ltr'><strong><em>τιμωρήσασθαί</em></strong></span> <span class='ocrx_word' id='word_1_282' title='bbox 791 4201 889 4264; x_wconf 81' lang='grc' dir='ltr'><strong><em>τινα,</em></strong></span> <span class='ocrx_word' id='word_1_283' title='bbox 916 4167 1008 4247; x_wconf 74' lang='grc' dir='ltr'><strong>ἄλλα</strong></span> <span class='ocrx_word' id='word_1_284' title='bbox 1023 4172 1082 4243; x_wconf 76' lang='grc' dir='ltr'><strong>καὶ</strong></span> <span class='ocrx_word' id='word_1_285' title='bbox 1097 4171 1204 4262; x_wconf 82' lang='grc' dir='ltr'><strong><em>ἄγαν,</em></strong></span> 
     </span>
     <span class='ocr_line' id='line_1_36' title="bbox 96 4269 1205 4372; baseline -0.006 -21"><span class='ocrx_word' id='word_1_286' title='bbox 96 4284 130 4351; x_wconf 84' lang='grc' dir='ltr'><strong>εἰ</strong></span> <span class='ocrx_word' id='word_1_287' title='bbox 144 4274 338 4372; x_wconf 83' lang='grc' dir='ltr'><strong><em>τύχοιμεν,</em></strong></span> <span class='ocrx_word' id='word_1_288' title='bbox 366 4277 466 4372; x_wconf 73' lang='grc' dir='ltr'><strong><em>φίλοι</em></strong></span> <span class='ocrx_word' id='word_1_289' title='bbox 488 4277 557 4366; x_wconf 77' lang='grc' dir='ltr'><strong>μὲν</strong></span> <span class='ocrx_word' id='word_1_290' title='bbox 581 4277 627 4348; x_wconf 78' lang='grc' dir='ltr'><strong>οἷν</strong></span> <span class='ocrx_word' id='word_1_291' title='bbox 647 4282 724 4355; x_wconf 81' lang='grc' dir='ltr'><strong><em>τοῖς</em></strong></span> <span class='ocrx_word' id='word_1_292' title='bbox 740 4275 943 4364; x_wconf 77' lang='grc' dir='ltr'><strong><em>ἐχθίστοις,</em></strong></span> <span class='ocrx_word' id='word_1_293' title='bbox 971 4269 1146 4369; x_wconf 85' lang='grc' dir='ltr'><strong><em>διαφοροι</em></strong></span> <span class='ocrx_word' id='word_1_294' title='bbox 1167 4274 1205 4345; x_wconf 82' lang='grc' dir='ltr'><strong>δε</strong></span> 
     </span>
     <span class='ocr_line' id='line_1_37' title="bbox 96 4372 1207 4481; baseline -0.013 -25"><span class='ocrx_word' id='word_1_295' title='bbox 96 4382 149 4465; x_wconf 84' lang='grc' dir='ltr'><strong>οἷς</strong></span> <span class='ocrx_word' id='word_1_296' title='bbox 170 4379 216 4459; x_wconf 82' lang='lat' dir='ltr'><strong>ori</strong></span> <span class='ocrx_word' id='word_1_297' title='bbox 239 4376 329 4481; x_wconf 75' lang='grc' dir='ltr'><strong><em>χρή,</em></strong></span> <span class='ocrx_word' id='word_1_298' title='bbox 361 4408 431 4455; x_wconf 78' lang='grc' dir='ltr'><strong><em>ναι</em></strong></span> <span class='ocrx_word' id='word_1_299' title='bbox 468 4374 627 4477; x_wconf 75' lang='grc' dir='ltr'><strong><em>ἀναγιρν</em></strong></span> <span class='ocrx_word' id='word_1_300' title='bbox 647 4372 862 4476; x_wconf 72' lang='grc' dir='ltr'><strong><em>γιγνόμεθα.</em></strong></span> <span class='ocrx_word' id='word_1_301' title='bbox 915 4380 973 4449; x_wconf 84' lang='lat' dir='ltr'><strong>Sic</strong></span> <span class='ocrx_word' id='word_1_302' title='bbox 991 4378 1146 4469; x_wconf 86' lang='lat' dir='ltr'><strong>plerique</strong></span> <span class='ocrx_word' id='word_1_303' title='bbox 1173 4384 1207 4443; x_wconf 89' lang='lat' dir='ltr'><strong>et</strong></span> 
     </span>
    </p>
   </div>
   <div class='ocr_carea' id='block_1_5' title="bbox 0 0 1436 4920">
    <p class='ocr_par' dir='ltr' id='par_1_8' title="bbox 0 0 1436 4920">
     <span class='ocr_line' id='line_1_38' title="bbox 0 0 1436 4920; baseline 0 0"><span class='ocrx_word' id='word_1_304' title='bbox 0 0 1436 4920; x_wconf 95' lang='lat' dir='ltr'><strong> </strong></span> 
     </span>
    </p>
   </div>
  </div>
 </body>
</html>
