2842 4920
208 443 212 446 ·
298 412 347 474 DE
361 411 693 474 rusculeuomssvs
710 409 936 487 Qviuvsuau
952 411 1146 506 eunucis..
1197 416 1261 480 825

149 605 307 690 haereat,
334 602 428 695 quod
449 602 611 671 credibile
627 603 686 687 sit,
712 603 807 694 quod
822 626 890 671 non
913 596 1023 696 ipsum
1044 628 1108 697 per
1125 628 1161 674 se
1180 628 1258 673 cor·
1387 668 1392 675 .

150 719 235 778 ruat.
288 709 339 777 lta
362 707 389 775 si
406 705 463 774 hic
484 714 629 798 propter
649 704 711 775 has
734 704 898 796 syllabas,
931 734 1003 802 rrop
1021 746 1066 759 -
1085 712 1142 796 ds,
1177 709 1259 776 dum

152 812 309 903 quidem,
336 808 431 900 quod
450 809 550 877 facile
568 808 661 877 credi
677 818 807 903 potest,
832 810 954 880 rectius
980 833 1083 901 quam
1110 811 1259 880 aFour·
1387 899 1390 907 Ι

150 916 279 985 montio
314 916 423 1000 lectae
460 913 543 1007 sint,
583 913 675 981 fluvii
709 907 845 1009 πόρον,
883 915 983 1008 Argis
1016 938 1100 1007 ergo
1132 915 1258 1004 Inachi,

151 1019 218 1088 dici
245 1019 423 1088 sumimus:
457 1016 494 1089 δέ
523 1014 685 1084 indicium
717 1027 769 1085 est
799 1017 955 1109 inceptae
988 1041 1096 1087 norae
1122 1030 1251 1087 senten
1331 1052 1334 1065 ·

151 1124 226 1191 tiae.
285 1122 375 1190 Hinc
408 1119 585 1187 coniuncta
610 1120 783 1209 utriusque
810 1122 957 1212 exempli
983 1144 1051 1213 ope
1077 1120 1166 1190 banc
1191 1146 1259 1191 nou

151 1247 290 1319 prorsus
318 1221 601 1292 contemnendum
627 1223 739 1292 licebit
766 1225 991 1296 coniecturam
1018 1225 1147 1303 facere:

735 1370 821 1472 [τήν
842 1370 1016 1474 στυγερήν

190 1476 279 1576 vy]r}'c
313 1478 454 1575 ὄρφνην
487 1473 524 1551 σ’
552 1471 721 1551 ἐλθόντα.
767 1472 883 1599 rro'pov
905 1479 955 1599 ἱδὲ
982 1482 1141 1565 κέκευθ[ε
1168 1477 1258 1578 παρ’
1328 1514 1332 1523 ·

860 1609 867 1645 i

306 1679 445 1779 τύμβος
471 1689 527 1770 ⁰³⁹]
554 1679 728 1778 Ἀργείων
755 1609 1047 1779 doriddodpdow
1066 1680 1179 1794 odiar.

681 2059 739 2133 lV.

254 2230 329 2299 Alia
349 2230 528 2301 Teuchiris
555 2241 693 2325 reperta
717 2231 905 2324 inscriptio,
940 2254 1043 2320 quam
1064 2228 1202 2299 Paccho
1223 2231 1257 2298 in

150 2334 328 2401 Reiatione
362 2334 407 2404 de
438 2335 561 2404 Itinere
592 2359 658 2427 per
684 2336 924 2429 Marmaricam
949 2334 1017 2402 tab.
1045 2333 1105 2401 86.
1139 2332 1256 2422 edidit,

149 2437 349 2514 Weickerus
372 2439 683 2530 transpositionibus
706 2439 891 2507 litterarum
910 2437 1048 2526 aliisque
1070 2437 1256 2527 scripturae

150 2541 233 2608 vitiis
255 2539 348 2608 haud
372 2564 494 2634 parum
511 2544 678 2609 turbatam
697 2564 771 2609 esse
787 2542 843 2611 ait.
897 2539 1030 2624 Quibus
1049 2538 1174 2606 caussis
1191 2538 1255 2606 ad-

151 2643 270 2711 ductus
288 2645 335 2712 ita
348 2653 489 2732 statuat,
511 2667 579 2712 non
598 2644 695 2711 dicit:
729 2642 824 2712 addit
839 2663 938 2723 vero,
965 2664 1033 2709 nou
1052 2664 1155 2733 posse
1171 2642 1254 2709 scri-¹
1342 2640 1345 2644 ’

149 2756 286 2839 pturam
313 2757 430 2816 exacte
457 2748 720 2840 repraesentari,
746 2743 841 2838 quod
862 2769 929 2839 pro
951 2745 1101 2815 rotundis
1129 2772 1146 2815 a
1171 2754 1205 2811 et
1227 2773 1254 2816 ω

150 2852 198 2918 uti
222 2859 364 2942 cogatur
384 2851 579 2944 vulgaribus
603 2852 705 2943 signis
729 2855 764 2922 E
784 2860 819 2920 et
840 2850 893 2922 Ω.
945 2849 992 2917 At
1014 2877 1041 2920 ω
1061 2846 1199 2939 quidem
1221 2848 1255 2915 in

148 2953 206 3021 illa
224 2953 457 3047 inscriptione,
484 2955 620 3046 qualem
639 2975 715 3042 eam
734 2953 909 3046 praebuit,
932 2951 1059 3019 nuliuin
1079 2952 1253 3022 invenitur.

150 3058 209 3126 Sic
224 3066 337 3125 autem
354 3060 514 3152 scriptam
527 3056 694 3127 exhibuit:

194 3225 411 3313 ΘΕΤΠΕΘΡ
466 3225 737 3291 ΕΝΘΑΔΕΙΚΕ
815 3215 1256 3288 coNuNTowAPmioc

237 3328 300 3390 OK
469 3327 736 3393 ETHGTIAET
787 3326 815 3391 0
859 3326 898 3389 Ν
940 3325 970 3386 Τ
1008 3320 1211 3388 ΑΟΟοΦΟΟ

151 3465 215 3535 vbi
230 3464 364 3636 (ptulit,
392 3467 528 3536 doctum
553 3463 735 3558 quemdam
750 3448 888 3534 Gallum
912 3487 953 3533 ex
971 3461 1023 3530 his
1047 3461 1162 3529 litteris
1186 3460 1252 3529 boc

151 3577 228 3636 extu
253 3570 335 3637 isse:

202 3713 429 3817 Θευπρόπιος
448 3715 582 3795 ἐνθάδε
596 3727 737 3813 κεῖμαι,
765 3719 803 3801 ὃς
817 3722 861 3819 ,ἐν
878 3723 1067 3815 θνητοῖσιν
1088 3714 1250 3811 ἄριστος,
1315 3790 1318 3796 ,

316 3820 632 3920 ὀκτωκαιδεκέτης,
664 3823 766 3920 §dora
786 3819 933 3894 ἅπαντα
956 3812 1082 3911 σοφός·
1201 3846 1203 3851 ·

148 3993 219 4060 iure
235 3993 404 4086 vituperat
420 3987 653 4088 Θιυπρόπιος
664 4015 730 4085 pro
748 3988 921 4081 trisyllabo
938 3985 1103 4086 positum3
1129 4010 1249 4078 repre-

147 4094 265 4164 hendit
278 4093 425 4169 ἅπαντα
445 4090 558 4192 σοφᾶς
576 4097 674 4164 etiam
689 4103 835 4187 propter
848 4089 1008 4181 loquendi
1029 4112 1142 4168 usum,
1171 4092 1249 4181 quia
1318 4139 1319 4143 =

148 4222 233 4287 nou,
260 4208 298 4266 ut
312 4201 408 4285 aiibi,
436 4195 556 4273 πάντα
582 4193 920 4292 condedictumsi13
949 4216 1016 4261 non
1040 4194 1170 4261 dubitat
1185 4193 1248 4261 de-

148 4305 248 4392 nique
268 4304 348 4392 quin
371 4295 513 4378 uuordo
534 4301 748 4371 scribendum
775 4302 832 4388 sit,
868 4299 1017 4390 legitque
1039 4297 1248 4390 epigramma

147 4406 216 4474 hoc
233 4404 354 4475 modo:
