2842 4920
237 389 302 462 ιιι
573 330 633 448 οι
663 377 976 450 ειιιιιιιι
953 407 1003 456 ιι

237 573 389 646 verbis
363 573 654 667 aurequlrentr,c
668 572 894 666 cteapazz
909 572 996 699 dp
1010 570 1097 695 447.
1111 571 1223 700 (480.-
1220 568 1343 673 §.aa

237 675 428 770 Bekln)
405 704 498 760 ccccc
523 676 618 753 οὕτω
643 671 845 770 deusserat,
878 670 973 776 μήτ
1003 671 1201 771 anamim
1230 681 1345 802 μηδὲν

236 783 328 880 μηδὲ
348 774 588 875 καταγνώτω,
619 776 750 877 πρὶν
724 772 870 876 ααοέσῃ.
922 779 1103 851 verissima
1122 791 1175 852 est
1192 779 1343 853 enimli-

237 885 377 954 brcrum
390 884 567 976 scriptura,
586 906 692 974 quum
704 884 813 952 statim
828 854 975 953 dicturus
989 884 1032 952 sit
1043 893 1157 955 crater
1167 885 1236 969 illa,
1254 908 1346 976 qaae
1372 933 1377 936 -

239 988 347 1056 audiri
366 987 453 1057 vult:
478 986 516 1055 id
539 986 633 1077 qued
652 986 861 1078 apertissime
877 986 1066 1079 declarant,
1092 1010 1186 1078 quae
1197 1012 1346 1080 sequun-

238 1099 302 1160 tur.
354 1088 549 1158 Herodotus
569 1088 628 1161 lV.
648 1087 735 1158 157.
756 1085 801 1162 ου’
822 1082 892 1185 γαρ
914 1082 959 1185 δή
976 1115 1087 1185 σφεας
1106 1086 1244 1165 dulcari
1256 1085 1346 1173 θεός
1375 1154 1383 1173 .

238 1193 303 1291 ’τῆς
315 1189 490 1291 οἷποιιιίης,
505 1191 591 1287 πρὶν
606 1185 651 1287 λη’
669 1188 868 1264 ἀπίκωνται
887 1197 922 1271 ές
937 1186 1053 1287 adesir
1067 1187 1222 1291 Λιβύην.
1254 1196 1345 1263 Nam

238 1295 405 1382 Theraei,
431 1318 516 1386 qucs
538 1294 712 1363 oraculum
736 1294 883 1386 Libyam
903 1303 1023 1386 petere
1050 1294 1214 1383 iussisset,
1239 1320 1345 1387 quum

238 1401 392 1469 Plateam
412 1398 553 1466 insulam
575 1421 640 1490 per
661 1397 800 1489 aliquod
819 1406 952 1490 tempus
975 1397 1171 1483 coluissent,
1196 1399 1345 1491 Libyam

239 1526 313 1573 esse
326 1503 400 1592 rati,
425 1502 546 1570 itemm
564 1502 716 1570 consulto
731 1501 868 1569 oraculo
883 1523 1084 1593 responsum
1099 1502 1252 1589 tulerant,
1278 1505 1344 1572 mi-

237 1629 314 1677 mm
326 1628 418 1693 esse,
444 1605 481 1693 si,
508 1605 566 1695 qui
579 1626 647 1672 non
659 1603 816 1673 adiissent
827 1604 985 1695 Libyam,
1009 1605 1128 1673 melius
1142 1606 1344 1698 eamApol-

237 1712 305 1780 line
331 1717 477 1778 nossent
527 1708 648 1797 ltaque
677 1730 735 1776 cos
759 1708 872 1799 coegit
888 1709 1016 1798 Apollo
1040 1708 1151 1798 ipsam
1180 1732 1345 1799 quaerere

237 1815 401 1904 Libyam:
428 1810 522 1901 quod
532 1809 680 1878 indicare
691 1812 807 1879 valens
820 1809 1028 1896 Herodotus,
1044 1811 1154 1879 omisit
1168 1809 1225 1896 οἷν,
1241 1836 1345 1904 quam

237 1915 437 2012 particulam
463 1913 490 1981 si
512 1910 716 1997 addidisset,
751 1913 971 2023 significasset
998 1935 1067 1981 nou
1098 1923 1175 1982 ante
1196 1937 1345 1984 eosco-

237 2019 349 2089 luniae
371 2015 590 2086 deducendae
612 2016 816 2085 necessitate
831 2014 1037 2084 liberatum
1027 2018 1086 2103 rri,
1112 2040 1215 2106 quam
1239 2040 1346 2108 quum

236 2123 326 2191 forte
340 2119 487 2218 libyam
502 2119 677 2186 venissent
717 2119 797 2186 Non
812 2118 920 2186 minus
933 2127 1089 2186 accurate
1102 2118 1199 2189 idem
1208 2121 1268 2190 vl.
1282 2119 1345 2194 82

239 2217 377 2350 πρός
348 2217 397 2295 οἶν
418 2219 538 2292 τοῦτο
557 2246 601 2292 ου
593 2215 778 2293 denotastis
795 2219 926 2314 πειρᾶν
948 2220 1011 2314 τῆς
1033 2218 1172 2309 πόλιος,
1198 2223 1285 2317 πρίν
1305 2251 1348 2316 ys

232 2329 314 2422 ds]
300 2328 412 2424 ιροῖσι
431 2314 608 2442 χρήσηται
624 2348 684 2394 ναι
676 2315 826 2419 μάθῃ,
853 2323 926 2394 εἴτε
940 2327 976 2394 οἱ
994 2348 1014 2394 ο
1007 2315 1117 2403 ‘dade
1131 2328 1348 2418 παραδιδοῖ,

238 2431 314 2504 εἴτε
343 2432 380 2498 οἱ
393 2418 617 2549 .έμποιλων”
594 2451 729 2522 εοτηιιε.
781 2425 900 2517 Pergit
933 2425 1036 2500 enim:
1062 2430 1347 2552 καλλιερευμένῳ

238 2532 316 2606 δέ’
297 2558 337 2606 ον
355 2556 407 2624 τω
393 2526 603 2624 “Hpca'p'
585 2555 623 2603 ειι
643 2555 712 2602 του
698 2521 943 2647 ἀγάλματος
958 2527 1030 2599 τῶν
1046 2529 1210 2648 στρθέων
1225 2523 1345 2623 φλόγα
1374 2588 1377 2594 .

237 2627 359 2751 πυρᾶς
366 2601 572 2760 ένλριμψοι·
591 2636 730 2723 μαθεῖν
755 2631 793 2706 δὲ
810 2623 920 2710 aalide
937 2626 1032 2703 οὕτω
1054 2625 1120 2726 τήν
1134 2627 1344 2756 α’τρειιηῖην,

236 2733 299 2810 ὅτι
314 2730 379 2808 uda
397 2735 512 2853 αἱρέει
526 2727 572 2806 ιδ
588 2726 1144 2861 Αργρς.1.32.ἐιιεῖνοδέαο
1165 2729 1263 2852 εἱρεό
1283 2764 1344 2825 με,

237 2836 332 2911 οὔιιω
353 2863 392 2909 σε
411 2839 477 2929 έγω
470 2829 615 2928 λέγω,
632 2834 716 2934 ιιρὶν
731 2829 999 2932 τελευτήσαντα
1015 2835 1128 2914 ιιαλως
1143 2828 1210 2908 τον
1228 2837 1344 2911 αἰῶνα

171 2980 175 2987 ’
236 2927 427 3030 ποθωμαι.
461 2939 586 3007 Nescio
601 2961 643 3006 an
657 2939 781 3009 rectius
792 2939 839 3006 ita
854 2937 956 3010 codd.
973 2937 1110 3027 quidam
1128 2947 1161 3006 et
1174 2937 1343 3008 Stcbaeus

238 3043 312 3116 CV.
333 3039 395 3111 63.
417 3063 521 3132 quam
541 3042 669 3134 vulgati
693 3040 777 3135 πρὶν
803 3039 861 3114 ἄν.
913 3038 1048 3110 Omissa
1067 3041 1156 3109 enim
1180 3043 1345 3134 particula

238 3169 352 3218 sensns
358 3155 438 3235 est,
465 3154 542 3215 tum
557 3146 702 3214 ιλοιιιιωιι
718 3154 754 3215 te
770 3142 916 3214 deatum
929 3126 1168 3236 praedicabo.
1219 3147 1268 3214 At
1282 3169 1343 3234 cc·

238 3251 317 3322 dem
339 3250 451 3369 capite
472 3248 588 3339 paullo
607 3254 705 3338 post:
731 3276 763 3320 ει
756 3246 825 3320 'dc'
845 3272 958 3367 προς
945 3240 1135 3368 νοέτρισιν
1150 3248 1205 3319 ἔτι
1220 3253 1343 3322 τελωι-

238 3348 341 3448 ’τήρει
358 3379 424 3422 τον
445 3350 528 3442 βίον
549 3345 604 3437 sd,
633 3346 738 3428 οὗτος
759 3353 889 3428 ἐκεῖνος
911 3374 978 3420 τον
1005 3377 1049 3421 σο
1071 3355 1192 3446 ζητεῖς,
1221 3347 1344 3443 ὄλβιος

237 3453 433 3548 κεκλῆσθαι
442 3445 580 3533 ἅξιός’
563 3473 659 3523 εστι·
686 3447 874 3546 nplvd’*
849 3478 895 3522 αν
911 3445 1124 3547 astacades,
1151 3454 1342 3542 εἰιιοχέοιν,

236 3555 481 3655 μηδέιιαλέειν
497 3581 544 3625 ιιω
561 3550 703 3646 ὄλβιον,
723 3549 804 3627 ἀλλ’
823 3548 1004 3641 εὐτυχέα.
1035 3554 1199 3622 Additum
1216 3551 1274 3622 hic
1293 3565 1345 3624 est

238 3658 302 3744 ἄν,
327 3658 405 3750 quia
426 3679 541 3725 sensus
560 3665 610 3725 est
629 3656 700 3727 ιιιόἱ
721 3679 830 3748 quum
855 3653 993 3724 obierit
1043 3657 1134 3724 Nam
1149 3648 1228 3743 etsi,
1253 3659 1319 3724 ut
1309 3681 1344 3725 m

237 3765 352 3856 priore
371 3761 469 3831 huius
492 3760 608 3851 capitis
631 3761 725 3847 loco,
750 3783 789 3828 re
808 3761 883 3853 ipsa
902 3758 1043 3851 perinde
1057 3770 1108 3829 est
1125 3769 1239 3830 utrum
1258 3758 1344 3856 πρὶν

237 3862 413 3956 πύθωμαι
437 3887 478 3932 au
500 3890 584 3960 πριν
611 3891 657 3935 αν
681 3856 859 3955 ποθωμαι
881 3862 991 3950 dicas,
1026 3869 1140 3932 tamen
1172 3863 1344 3956 cogitandi

236 3968 341 4036 modo
372 3968 459 4035 haec
487 3965 587 4035 valde
615 3965 748 4033 diversa
774 3974 866 4035 sunt:
916 3967 1059 4034 alterum
1096 3967 1186 4035 enim
1213 3976 1344 4035 certum

237 4080 306 4157 est,
341 4070 517 4163 quamdiu
543 4091 615 4138 αοιι
636 4091 862 4162 cognovero:
897 4069 1040 4137 alterum
1057 4070 1240 4156 incertum,
1271 4069 1343 4137 ιιιόὶ

239 4196 348 4268 quum
372 4194 588 4266 cognovero.
641 4172 778 4257 Quare,
816 4180 979 4263 utsupra
1006 4172 1178 4260 dicebam,
1204 4194 1274 4240 non
1292 4181 1343 4241 est

236 4278 375 4362 mirum,
412 4276 471 4346 ubi
500 4275 646 4344 adrem
669 4275 752 4343 nihil
776 4276 921 4359 intersit,
962 4275 1053 4343 idem
1086 4277 1210 4344 utravis
1236 4275 1343 4343 modo

235 4382 313 4453 dici.
370 4380 423 4449 lta
450 4379 538 4472 haec
565 4379 639 4472 ipsa
671 4379 851 4464 sententia,
893 4400 982 4468 quae
1017 4386 1068 4446 est
1099 4379 1193 4472 apud
1227 4379 1342 4448 Herc-
