2842 4920
364 356 657 430 lNCREDIBILIVM
676 366 792 431 LIBER
813 308 969 430 PRllllVS.
1157 374 1220 440 871

114 558 211 642 iisse,
239 555 301 625 sed
317 557 410 645 quod
426 557 489 646 sic,
515 566 553 625 ut
564 559 630 650 ibi,
655 581 724 626 non
741 549 992 650 usurparentur.
1025 559 1115 628 Nam
1139 566 1223 655 poni
1261 628 1264 635 .

115 685 172 731 eas
204 661 241 726 in
273 661 441 752 principio
475 662 650 750 orationis,
687 663 873 730 cuiusmodi
906 671 940 730 et
972 663 1030 730 illa
1063 687 1150 754 quae
1175 667 1222 735 ad

114 788 171 833 me
202 763 421 832 refutandum
452 766 614 834 attulisset
641 767 817 859 exempla,
858 774 893 835 et
926 789 1014 857 quae
1047 769 1121 857 quis
1154 770 1221 837 alia

114 869 167 938 bis
183 866 328 940 ,addere
357 868 488 959 ingenti
519 892 665 938 numero·
687 879 821 961 posset,
859 880 933 938 esse
964 870 1085 939 omnia.
1147 871 1221 942 Sed

114 971 251 1042 memini
281 969 338 1040 mc
371 972 458 1041 haec
489 972 558 1041 iam
592 972 741 1066 attigisse
775 975 810 1043 in
842 974 880 1042 iis
916 997 1003 1064 quae
1029 975 1146 1067 scripsi
1175 975 1219 1045 de

115 1075 161 1150 ἄν
186 1075 352 1168 particula
380 1075 409 1148 1.
437 1072 497 1142 12.
530 1079 566 1144 in
590 1077 683 1146 Diar.
717 1079 815 1146 class
841 1077 924 1150 fase.
952 1078 1075 1148 LXIX.
1100 1102 1136 1169 p.
1156 1078 1218 1148 4⁰.

217 1180 315 1247 Haec
343 1187 419 1247 suut
438 1179 513 1269 illa,
543 1203 630 1270 quae
652 1182 686 1248 in
706 1182 845 1273 publica
867 1205 972 1274 super
992 1182 1219 1252 Meletcmatis

115 1282 342 1374 disputatione
361 1282 484 1374 partim
501 1286 640 1375 protuli,
661 1285 786 1376 partim
803 1285 893 1353 volui
906 1285 1071 1377 proferre.
1123 1285 1219 1355 Sitne

114 1386 148 1453 in
169 1388 226 1473 iis,
257 1385 351 1476 quod
372 1395 411 1453 ut
430 1386 545 1476 inique
569 1398 669 1479 atque
689 1387 876 1456 adrodendi
898 1389 985 1457 illius
1006 1388 1082 1456 libri
1103 1411 1220 1457 caussa

116 1489 244 1557 dicturn
258 1490 386 1581 culpari
401 1491 527 1580 possit,
552 1491 618 1584 ipsi
640 1493 697 1581 qui
719 1491 806 1560 haec
826 1493 970 1584 legerint
986 1493 1218 1561 aestimabunt.

23 1619 28 1629 ·
114 1592 194 1684 Ego
211 1592 348 1683 quidem
364 1616 420 1660 me
440 1595 581 1685 opinor,
609 1595 637 1662 si
650 1594 732 1683 quid
745 1596 780 1663 in
793 1617 848 1662 me
864 1596 1116 1663 malevolentiae
1132 1595 1218 1664 fuis·
1307 1660 1310 1671 ,

115 1706 180 1779 set,
217 1695 385 1764 absurdae
413 1696 567 1786 quidem,
602 1700 694 1765 utin
716 1721 809 1786 eum,
842 1721 944 1788 quem
969 1697 1051 1766 mihi
1073 1700 1219 1766 amicum

115 1822 188 1867 esse
213 1808 391 1890 putarem3
424 1809 482 1866 aut
500 1801 528 1868 si
552 1801 633 1891 quid
653 1801 815 1888 invidiae,
843 1824 946 1891 quae,
970 1801 1119 1891 quamvis
1144 1811 1218 1869 tur-

113 1904 187 1994 pis,
212 1902 354 1970 fortasse
380 1903 414 1969 iu
439 1903 594 1990 homine,
620 1905 755 1993 qualem
776 1927 832 1972 me
852 1927 925 1972 esse
946 1904 1011 1995 ipsi
1030 1905 1218 2001 complaci-

114 2015 185 2072 tum
208 2014 275 2091 est,
310 2005 436 2094 aliquid
456 2006 573 2073 veniae
599 2007 809 2098 impetraret:
842 2007 982 2099 opinor,
1008 2007 1163 2097 inquam,
1190 2009 1219 2074 si

115 2107 198 2198 quid
214 2107 406 2177 huiusmodi
425 2110 459 2175 in
478 2132 534 2176 mc
553 2109 684 2198 fuisset,
712 2132 815 2200 qnam
829 2109 1001 2178 habebam
1026 2109 1220 2201 disputandi

114 2213 289 2279 materiam
308 2213 420 2305 potius
442 2212 478 2279 in
494 2213 559 2280 alia
581 2214 709 2304 capita,
736 2235 823 2302 quae
844 2214 950 2280 multo
968 2210 1013 2280 ad
1033 2211 1220 2282 istiusmodi

115 2316 287 2383 consilium
304 2315 435 2406 aptiora
448 2315 589 2384 inveniri
604 2318 754 2408 potuisse
767 2317 977 2407 inpromptu
994 2324 1054 2402 est,
1068 2340 1170 2406 quam
1184 2316 1219 2384 iu

113 2418 172 2486 illa
199 2418 451 2486 distributurum
482 2418 604 2504 fuisse,
645 2441 734 2507 quae
766 2416 849 2484 nibil
885 2417 1093 2485 continerent
1123 2418 1218 2507 quod

114 2545 183 2590 non
206 2522 242 2589 iu
269 2522 419 2612 quemvis
445 2520 547 2588 alium
568 2521 690 2587 librum
715 2517 860 2586 caderet
919 2520 1008 2586 Nam
1041 2519 1114 2608 quis
1139 2543 1217 2586 um-

115 2648 217 2714 quam
241 2626 328 2692 liber
354 2625 496 2715 scriptus
523 2631 595 2712 est,
622 2623 684 2691 nisi
712 2621 799 2688 forte
825 2621 961 2688 alicuius
989 2621 1218 2690 mathematici
1339 2638 1348 2657 ¹

116 2751 158 2796 cx
181 2728 258 2796 solis
281 2729 487 2818 compositus
503 2726 667 2814 numeris,
700 2725 735 2792 in
756 2746 824 2814 quo
845 2746 915 2791 non
937 2724 1064 2812 aliquid
1083 2724 1216 2816 falsum,

69 2889 72 2895 .
115 2831 242 2921 aliquid
262 2854 329 2899 nou
350 2840 507 2898 accurate
527 2830 673 2914 dictum,
705 2827 831 2919 aliquid
853 2851 1142 2921 supervacaneum
1161 2829 1266 2902 at-tt)

116 2957 183 3024 quc
196 2935 310 3002 inutile
325 2934 536 3026 reperiatur?
588 2932 660 3001 Sed
679 2932 754 3000 satis
770 2930 813 2998 de
828 2930 891 2998 his.

217 3037 284 3106 Hic
309 3047 360 3106 est
379 3037 466 3106 liber
490 3037 619 3130 primus
648 3032 909 3121 incredibilium,
942 3034 1000 3123 qui
1023 3041 1073 3100 est
1091 3034 1217 3123 prolo-

115 3163 190 3234 gus.
243 3139 313 3224 Qui
339 3150 537 3231 sequentur,
562 3141 597 3207 in
615 3139 669 3225 iis,
695 3136 875 3222 ntinhoc,
898 3135 1101 3226 quaefacta,
1127 3158 1217 3224 quae

116 3266 183 3312 nou
208 3243 299 3310 facta
321 3254 416 3329 sunt,
450 3245 497 3312 sic
517 3252 554 3310 ut
582 3252 658 3311 sunt
675 3241 766 3308 facta
789 3241 844 3308 vel
866 3262 934 3306 non
956 3238 1063 3330 facta,
1095 3238 1217 3306 iudea

23 3428 25 3434 ,
115 3347 226 3436 prima
251 3347 337 3415 inter
357 3370 412 3414 me
430 3356 464 3414 et
483 3346 706 3416 Schaeferum
722 3343 837 3413 notitia
859 3342 1032 3411 enarrabo.
1084 3341 1216 3411 Eorum

115 3451 243 3518 inuno
266 3450 340 3540 ipse
358 3456 422 3534 {me
443 3452 559 3542 magni
579 3450 665 3517 illius
688 3456 723 3517 et
743 3469 926 3537 numquam
948 3444 1120 3537 expiandi,
1153 3444 1215 3512 sed

115 3561 230 3621 tamen
255 3574 324 3621 non
349 3553 543 3645 poenitendi
565 3553 706 3620 criminis
726 3573 822 3619 reum
845 3549 1048 3636 confitebor,
1073 3556 1215 3638 propter

115 3655 225 3744 quod,
251 3677 296 3724 ne
313 3657 377 3723 alia
389 3679 574 3724 memorem
592 3655 708 3747 capitis
721 3653 889 3746 pericula,
919 3651 1053 3719 fortuna
1067 3649 1215 3739 quadam

114 3757 287 3826 Hesiodea
316 3760 368 3827 bis
395 3760 494 3828 morti
524 3759 621 3827 datus
648 3767 749 3848 atquc
772 3755 1015 3847 epigrammate
1035 3753 1216 3843 sepulcrali

115 3860 301 3929 honoratus
323 3864 417 3952 vivo,
452 3887 540 3930 nunc
563 3871 676 3930 autem
696 3860 847 3945 tertium,
882 3858 940 3946 qui
961 3880 1017 3924 me
1043 3856 1216 3924 eradicare
1333 3897 1336 3911 ι

116 3963 181 4032 sibi
205 3965 311 4048 visua,
345 3967 545 4059 permutatis
580 3965 731 4057 personis
763 3962 797 4028 iu
823 3969 929 4028 semet
955 3960 1075 4046 saevit,
1107 3960 1215 4027 abeo

116 4068 264 4159 sospitor
283 4091 323 4136 ac
345 4071 540 4161 superstitor
555 4069 649 4160 ipso,
675 4087 859 4153 verumque
876 4086 949 4131 esse
974 4063 1068 4153 quod
1088 4063 1216 4129 dictitat

116 4172 290 4260 experior,
323 4168 344 4242 ό
368 4163 508 4265 τρώσας
527 4170 586 4242 καὶ
607 4164 768 4243 ἰάσεται.
793 4166 877 4234 illud
901 4166 1026 4234 crimen
1052 4166 1145 4250 dico,
1172 4187 1215 4233 ex

115 4271 209 4340 haud
225 4275 355 4366 magnis
375 4297 486 4364 neque
507 4273 725 4342 aerumnabili
746 4271 862 4340 labore
880 4270 984 4361 partis
1004 4268 1126 4360 opibus
1138 4290 1214 4335 me-

116 4375 222 4445 diocri
245 4400 346 4447 sanae
367 4380 486 4447 mentis
506 4401 569 4446 usu
585 4378 673 4446 ultra
694 4398 753 4446 seu
770 4396 889 4466 sapere
907 4395 966 4441 seu
981 4372 1138 4464 desipere
1151 4393 1214 4440 au·

890 4490 1007 4562 naz
