2842 4920
420 350 1027 444 ·n1ssaurrr10.·
1224 393 1290 458 m

283 547 407 651 μήτηρ
423 557 506 647 ἐμοὶ
521 560 653 656 διῆλθε
674 564 823 644 Τιτανὶς
841 566 947 638 θεῶν.

283 656 378 785 dnm}
390 657 429 731 dd
442 658 544 757 χῶπη
553 716 566 750 ,
593 663 715 736 ταῦτα
731 669 789 738 dai
796 669 943 763 μακροῦ
957 665 1068 765 λόγου

281 784 405 834 ornatu.

178 913 223 981 Et
236 914 360 985 iterum
375 940 407 989 v.
428 912 515 986 912.

277 1067 430 1143 τοιῶνδε
442 1061 597 1160 μόχθων
618 1068 796 1170 sareanen
813 1071 928 1156 οὐδεὶς
944 1079 1040 1149 θεοῖν

278 1163 424 1242 δύναιτ’
440 1170 486 1243 ἄν
506 1168 608 1266 αὐτῷ
619 1170 710 1260 πλην
727 1177 819 1265 ἐμοῦ
835 1182 948 1260 δεῖξαι
965 1183 1095 1274 σαφῶς.

276 1266 347 1364 e’yol
358 1267 444 1346 τάδ’
458 1271 541 1347 οἶδα
548 1329 563 1363 ,
590 1272 643 1365 χοὶ
658 1272 794 1373 τρόπῳ.

175 1425 342 1494 Referunt
356 1448 398 1494 eo
413 1427 514 1496 etiam
525 1427 688 1497 Mercurii
703 1431 826 1513 verba,
854 1453 885 1501 v.
903 1430 990 1504 949.

710 1585 807 1678 μηδέ
819 1609 885 1672 μοι
906 1586 1031 1664 διπλοῖς

273 1675 400 1770 o‘doric,
428 1683 658 1779 Προμηθεῦ,
684 1678 902 1780 προςβοῖλῃςν

167 1847 355 1928 rediturum
367 1852 401 1919 in
414 1853 568 1943 proxima
586 1854 704 1922 fabula
718 1853 926 1925 Mercurium
942 1856 1082 1927 indicari
1095 1859 1167 1934 rati.
1200 1861 1274 1931 De·
1303 1910 1306 1919 ι

166 1952 269 2042 nique
285 1977 372 2043 quae
386 1955 478 2023 idem
493 1955 575 2023 dicit
587 1980 617 2028 v.
636 1957 748 2029 1025.

269 2124 417 2196 τοιοῦδε
431 2119 581 2216 μόχθου
597 2126 714 2220 τέρμα
729 2121 783 2223 μή
799 2156 835 2200 τι
848 2124 1046 2224 προςδόκα,

268 2227 355 2321 πρὶν
369 2226 414 2298 ἂν
432 2229 530 2300 θεῶν
546 2257 601 2309 τις
617 2224 785 2319 διάδοχος
800 2231 873 2303 τῶν
889 2232 961 2304 cciv
976 2228 1096 2308 πόνων

268 2330 387 2424 φανῇ,
410 2325 546 2427 θελήσῃ
565 2335 604 2403 τ’
627 2336 675 2412 εἰς
688 2328 894 2427 ἀναύγητον
908 2343 1037 2426 μολεῖν

266 2429 357 2528 ᾅδην
372 2429 526 2527 κνεφαῖά
545 2431 585 2507 τ’
601 2431 697 2528 ἀμφὶ
714 2430 903 2530 ταρτάρου
916 2433 1036 2536 βάθη·

162 2601 283 2691 quibus
308 2600 493 2671 Chironem
514 2604 672 2694 respicit,
700 2603 756 2693 qui
775 2603 863 2669 ultro
885 2612 985 2670 exuta
1006 2605 1184 2674 immortali
1205 2600 1269 2676 na-

161 2713 237 2772 tura
249 2729 314 2796 pro
333 2706 540 2775 Prometheo
556 2708 600 2775 ad
620 2705 749 2775 Orcum
765 2706 891 2775 abierit.
943 2708 996 2775 Ac
1010 2710 1127 2800 negari
1141 2712 1266 2800 nequit,

162 2830 235 2876 esse
252 2809 468 2878 haecomnia
485 2812 532 2878 ita
552 2821 763 2902 comparata,
789 2820 843 2897 ut,
870 2811 1028 2901 quoniam
1048 2836 1125 2880 cum
1141 2815 1268 2884 libera-

159 2912 250 2979 tione
272 2913 469 2982 Promethei
487 2915 664 2981 coniuncta
685 2921 776 2995 sunt,
802 2936 870 2980 non
891 2916 1020 3002 possint
1041 2938 1109 2982 non
1126 2918 1169 2985 ad
1193 2920 1266 2987 So..

159 3014 265 3083 lutum
292 3016 533 3085 Prometheum
558 3025 728 3107 spectare,
755 3015 782 3081 si
803 3015 830 3080 is
848 3016 1023 3103 copulatus
1042 3040 1120 3100 cum
1141 2997 1264 3096 Vincto

159 3109 230 3189 fuit.
285 3118 356 3187 Sed
379 3129 546 3188 mutemus
561 3141 655 3202 rem‘,
682 3127 738 3186 ant
752 3119 969 3183 invertamus:
996 3139 1164 3185 sumamus
1186 3123 1263 3187 nul·

157 3220 228 3288 lum
255 3223 417 3313 scriptum
440 3246 512 3291 esse
539 3222 694 3291 Solutum
725 3218 982 3303 Prometheum,
1017 3229 1075 3286 aut
1107 3230 1263 3313 tempore

156 3324 307 3414 priorem
328 3326 429 3394 fuisse
457 3327 595 3394 Vincto:
630 3349 708 3392 num
734 3322 792 3412 qui
824 3322 931 3402 minus
954 3322 1075 3390 eadem
1095 3324 1152 3393 illa
1173 3325 1262 3395 dicta
1350 3371 1353 3379 ι

157 3449 231 3495 esse
259 3429 463 3497 credemus?
503 3430 591 3496 Nam
613 3427 815 3496 liberationis
843 3426 979 3514 quidem
999 3429 1185 3496 necessario
1212 3430 1262 3497 fa-

158 3530 277 3598 cienda
299 3542 369 3599 erat
394 3533 541 3615 mentio,
575 3533 696 3618 nelo,
731 3530 824 3597 cuius
850 3552 891 3596 ex
912 3530 1054 3620 posteris
1080 3533 1261 3622 sospitator

156 3630 351 3702 Promethei
366 3637 541 3703 exstiturus
552 3644 651 3711 esset,
666 3635 787 3702 inutilis
801 3655 948 3722 persona
959 3633 1138 3706 videretur.
1166 3633 1260 3702 Con-

154 3737 294 3803 nubium
314 3739 401 3804 lovis
427 3748 539 3805 autem
561 3740 666 3815 multo
683 3739 790 3816 minus
806 3737 982 3825 praeteriri
1001 3744 1152 3826 poterat,
1179 3737 1258 3825 quia

155 3840 338 3907 curandum
356 3850 448 3930 erat,
471 3851 508 3909 ut
520 3842 622 3910 finem
636 3842 759 3910 iustum
772 3838 914 3906 haberet
930 3839 1056 3921 fabula,
1069 3927 1071 3930 Α
1082 3861 1146 3906 nec
1163 3862 1240 3929 spe·
1257 3864 1281 3933 9

153 3949 308 4026 statores,
335 3944 496 4034 quemad
515 3945 618 4012 multa
638 3946 771 4013 saccula
786 3942 871 4010 saxis
886 3941 981 4032 affigi
994 3939 1170 4027 vidissent,
1197 3941 1256 4010 de-

153 4064 264 4114 serere
291 4047 338 4114 ibi
361 4049 587 4137 pendentem,
613 4048 747 4135 suisque
776 4044 1045 4126 immiserabilcm
1064 4044 1255 4136 relinquere

150 4148 245 4216 malis
265 4161 487 4241 cogerentur:
513 4148 607 4238 quod
634 4172 738 4238 quum
763 4156 850 4217 esset
870 4147 916 4215 ita
935 4147 1191 4237 instituendum,
1217 4157 1255 4216 ut

149 4271 213 4318 nec
229 4274 364 4342 poenae
379 4255 548 4334 atrocitas,
574 4276 661 4341 quae
676 4254 731 4320 vel
748 4251 891 4345 maxime
904 4251 938 4317 in
952 4251 1166 4320 diuturnitate
1179 4251 1254 4322 viu-

150 4355 302 4424 culorum
315 4358 428 4447 posita
441 4364 545 4444 esset,
567 4357 791 4435 minueretur,
818 4343 1141 4446 necrepugnaretur
1157 4376 1253 4422 com-

972 4471 1124 4540 Μ7
