2842 4920
528 368 617 434 ΗΒ.
639 370 695 435 Ill.
740 368 840 433 clP.
860 371 892 434 5.
1204 368 1268 435 lto

153 561 292 653 quidem
308 583 351 629 ea
364 580 503 651 prorsus
519 559 723 632 abstinuisse.
764 561 816 628 lta
833 561 867 629 in
887 559 1039 653 optativo
1053 558 1267 629 conditionali
1343 590 1348 598 ·

151 667 257 739 Hom.
272 665 309 738 h.
323 664 439 755 Apoll
452 660 514 731 51.

204 832 323 933 Aqt’,
350 836 387 908 εἰ
408 828 478 931 γάρ
506 831 542 906 ι’
567 836 709 916 ἐθέλοις
735 838 813 916 ἕδος
838 836 995 928 ἔμμεναι
1020 828 1102 913 ritca
1123 836 1237 925 ἐμοῖο.

155 1018 188 1077 et
203 1010 273 1078 sine
287 1008 479 1077 conditione
497 1007 592 1077 lliad.
613 1014 639 1092 ζ.
658 1004 744 1075 281.

861 1155 906 1240 οἷς
930 1160 972 1233 ιιέ
995 1165 1033 1232 οἱ
1059 1154 1152 1235 αὖθι

202 1270 290 1358 γαῖα
317 1263 433 1354 χάνοι.

155 1417 224 1486 Sed
241 1414 309 1486 0d.
331 1443 361 1489 ο.
376 1412 465 1489 511.
483 1416 527 1484 de
544 1439 612 1506 qno
627 1417 704 1485 loco
719 1438 789 1485 non
807 1423 901 1483 recte
921 1414 1066 1483 iudicavi
1084 1416 1129 1484 ad
1147 1417 1265 1508 hymn.

154 1522 267 1613 Apoll.
280 1518 341 1589 51.
370 1520 587 1590 scribendum
598 1520 748 1589 videtur:

207 1687 412 1790 Τηλέμαχ’,
460 1695 495 1765 εἰ
527 1684 597 1787 γαρ
632 1692 691 1764 καὶ
732 1687 777 1766 oti
810 1690 925 1822 πολύι
963 1690 1097 1793 χρόνον
1130 1691 1265 1771 ἐνθάδε

776 1825 943 1895 μιμοοις,

154 1971 223 2038 quo
239 1955 372 2039 spectat
385 1974 425 2019 ιιι
444 1947 480 2014 in
492 1969 561 2015 uno
577 1947 735 2018 codicum
747 1952 894 2025 Vindob.
933 1954 1012 2023 Hoc
1028 1955 1125 2028 dicit:
1151 1959 1264 2032 etiam

154 2055 185 2121 si
201 2062 242 2122 lu
258 2051 396 2119 diutius
409 2049 459 2118 ibi
472 2073 637 2125 maneas.

253 2155 413 2223 Proxima
427 2155 589 2247 optationi
610 2163 662 2223 est
674 2156 813 2224 iubendi
828 2159 1043 2251 significatio,
1069 2186 1157 2253 quae
1176 2189 1264 2235 nnnc

154 2259 350 2350 precatione
365 2259 572 2347 continetur,
598 2268 636 2328 ut
649 2260 683 2327 in
699 2258 905 2351 Philocteta,

196 2425 316 2502 ‘an’
339 2421 470 2509 ὀδύνας
496 2423 631 2523 οἷδαής,
651 2427 765 2504 Ὗποι
792 2426 830 2506 δ’
857 2428 1011 2525 ἀλγέων,

203 2526 312 2630 salarie
336 2529 424 2630 ἡμῖν
450 2531 581 2611 ἔλθοις.

154 2726 241 2772 nnnc
255 2704 399 2796 propior
412 2705 556 2796 imperio
571 2713 631 2773 est.
658 2703 754 2778 lliad.
773 2731 810 2775 ω.
831 2702 915 2774 144.
942 2704 1065 2798 (178.)

203 2851 314 2955 ιη’ροξ
337 2856 392 2939 τίς
417 2864 455 2930 οἱ
484 2864 611 2933 ἕποιτο
637 2856 854 2954 γεραίτερος.

155 3008 279 3103 Odyss.
296 3021 324 3094 ε.
338 3011 424 3080 407.

224 3263 241 3293 τ
655 3156 814 3256 τάχιστά
837 3190 905 3258 μοι
931 3163 1035 3238 ἔιδον
1060 3169 1203 3262 ἑταῖροι

205 3295 286 3342 acar.

153 3418 242 3509 vine
257 3440 386 3509 isicem
404 3404 491 3514 soc.
514 3440 552 3512 n.
572 3447 601 3522 ε,
623 3435 709 3513 ros.
725 3465 758 3536 ρ,
773 3434 859 3512 eno.
887 3436 1078 3530 Aeschylus
1095 3439 1163 3533 ng.
1178 3434 1264 3513 osa.

205 3606 287 3683 ἀλλ’
314 3613 349 3683 οἰ
373 3615 474 3685 δοκεῖ
496 3637 555 3682 σοι
581 3606 719 3699 ταῦθ’,
746 3606 837 3683 ὑπαί
861 3636 917 3690 τις
943 3601 1103 3704 ἀρβύλας

205 3707 288 3786 λύοι
313 3708 446 3805 τάχος,
472 3707 675 3811 πρόδουλον
702 3714 858 3807 ἔμβασιν
884 3705 1003 3793 ποδός.

154 3866 400 3959 Aristophanes
415 3864 522 3960 Vesp.
538 3866 649 3939 1431.

206 4022 309 4121 ἕρδοι
335 4048 391 4105 τις
416 4019 461 4119 ἢν
486 4027 636 4103 ἕκαστος
663 4017 771 4118 εἰδείη
791 4020 931 4114 πόρνην.

154 4175 351 4245 Herodotus
374 4175 450 4251 Vll.
468 4170 503 4245 5.
534 4168 627 4249 ἄλλα
640 4167 686 4248 rii
700 4172 769 4265 μὲν
786 4169 850 4245 οὖν
866 4169 988 4246 ταῦτα
1002 4163 1176 4268 πρήσσοις
1196 4153 1271 4248 τοί·Ἰ

155 4306 223 4378 περ
242 4284 281 4354 ἐν
297 4279 398 4375 χερσὶ
415 4281 516 4369 ἔχεις.
557 4280 637 4364 Quo
657 4286 769 4345 tamen
782 4277 861 4346 loco
876 4275 1016 4366 quidam
1034 4275 1111 4343 libri
1124 4272 1207 4349 ἁλλ’
1224 4280 1265 4350 εἰ.

259 4382 539 4455 Coniunctissima
568 4391 620 4493 est
644 4381 822 4452 voluntatis
857 4379 1075 4473 significatio,
1122 4380 1266 4468 quaein
