2842 4920
153 367 216 431 m
499 366 556 429 DE
587 365 857 429 PARTICVLA
880 361 927 431 ίίν

203 559 303 630 αἴκεν
329 553 392 649 ε’μί
420 550 509 643 ζωὸν
535 553 738 651 πεπύθοιτ’
771 557 828 634 ίπί
854 557 975 657 νηυσίν
999 554 1176 650 Ἀχαιῶν.

152 719 240 786 quae
253 695 358 762 verba
375 695 474 761 etiam
493 721 522 764 ιι.
541 694 627 762 389.
642 705 676 763 et
693 699 722 767 λ.
751 695 835 764 134.
856 697 1031 787 leguntur,
1058 697 1119 765 sed
1139 701 1173 766 in
1193 699 1262 777 hoc

152 807 325 892 postremo
343 798 420 865 loco
437 798 559 866 omissa
573 799 740 889 particula
755 802 823 873 κέν.
851 799 1001 893 Addet.
1019 798 1104 868 123.
1120 812 1158 874 θ.
1174 802 1261 872 199.

154 898 240 969 295
269 930 292 971 ι.
320 899 405 968 141.
431 900 517 968 283.
545 901 631 970 962.
652 900 739 973 445.
767 931 797 975 ν.
825 900 912 970 288.
939 930 970 990 χ.
1000 901 1085 970 229
1113 926 1151 998 φ.
1175 905 1261 974 346.

152 1001 238 1072 592.
264 1001 457 1072 ΗεείοᾱΗΟ
479 1005 567 1072 etl).
579 1003 666 1078 359.
681 1003 768 1078 432
787 1004 873 1075 699.
899 1006 1100 1098 Praeposito
1114 1019 1165 1077 est
1179 1032 1263 1102 par·
1273 1032 1277 1037 ·

151 1109 255 1176 ticula
277 1105 346 1179 0d
365 1134 396 1202 p.
413 1105 498 1180 223

204 1272 271 1316 τον
297 1272 316 1314 κ
360 1245 396 1314 εί
417 1272 482 1336 μοι
511 1241 608 1340 δοίης
633 1243 860 1335 σταθμοίν“
838 1246 977 1344 ροτῆρα
1003 1248 1186 1339 γενέσθαι.

154 1384 271 1450 iterata
286 1379 378 1472 apud
394 1380 535 1451 Hesiod.
553 1378 595 1449 Ο.
612 1389 647 1447 et
660 1380 703 1448 D.
718 1379 804 1448 423.

206 1522 241 1591 εἰ
266 1510 390 1591 δίκον
417 1511 623 1612 ὀκταπόδην
650 1515 723 1591 άπο
751 1518 810 1591 καί
837 1514 981 1618 σφῦράν
1007 1549 1046 1594 κε
1072 1515 1223 1613 τάμοιο.Ι

154 1656 251 1725 Iliad.
269 1685 305 1729 α.
321 1652 409 1727 549.
435 1655 578 1724 Wolfius
592 1677 634 1722 ex
648 1657 859 1740 coniectura,
881 1667 919 1724 ut
934 1659 1083 1744 videtur,
1110 1657 1224 1726 dedit:

208 1794 250 1866 ὃν
275 1795 317 1866 da'
335 1789 371 1864 κ’
399 1786 487 1886 ἑγοίν
514 1785 703 1863 ἀπάνευθε
730 1793 827 1864 θεῶν
854 1796 1013 1887 ἐθέλωμι
1040 1795 1184 1887 νοῆσαι,

204 1890 296 1990 μήτι
323 1888 368 1967 οὐ
394 1895 512 1967 ταῦτα
541 1900 674 1967 ἕκαστα
703 1894 857 1990 διείρεο,
883 1898 972 1993 μηδὲ
1003 1891 1176 1990 μετάλλα.

155 2044 247 2103 recte
268 2035 426 2101 fortasset
451 2054 568 2099 verum
589 2041 702 2098 tamen
722 2053 792 2099 non
811 2041 847 2098 ut
871 2034 1006 2100 vitiosus
1028 2033 1199 2124 putandus
1224 2035 1265 2102 sit

155 2139 214 2228 qui
245 2138 350 2227 vulgo
383 2135 507 2225 legitur
543 2135 721 2223 optativus.
773 2134 805 2201 ls
839 2136 928 2202 enim
964 2136 1045 2202 facit
1079 2146 1117 2202 ut
1149 2159 1264 2207 sensus

156 2241 217 2325 sit,
245 2240 276 2310 εὶ
291 2239 333 2310 dc'
343 2233 378 2308 κ’
394 2230 482 2328 tycia
499 2236 690 2324 ἐθέλοιμι,
716 2236 811 2323 quod
828 2236 995 2326 apodosin
1008 2240 1196 2328 postularet
1211 2248 1266 2306 ta-

156 2343 241 2423 lem,
269 2335 333 2411 ov'u
354 2336 399 2410 ολν
422 2335 538 2434 γνοίης
560 2337 698 2426 ταῦτα,
726 2361 791 2430 pro
813 2363 881 2428 qua
902 2340 1020 2407 fortior
1039 2341 1179 2408 infertur
1201 2343 1265 2410 ad-

155 2443 303 2512 monitio.
354 2440 468 2508 Miuus
494 2439 593 2508 etiam
620 2441 783 2531 probem,
808 2456 847 2509 ut
872 2443 908 2509 id
929 2442 994 2511 hac
1013 2446 1267 2534 opportunitate

156 2547 301 2632 addam,
328 2543 576 2630 Aristarchum,
602 2544 697 2612 lliad.
719 2554 757 2617 θ.
781 2544 840 2617 23.
867 2548 1026 2639 ἐθέλωμι
1045 2547 1270 2617 scribentemt.

208 2698 329 2774 att*
307 2728 370 2772 οτε
386 2692 431 2794 δη
444 2697 503 2769 καί
521 2692 588 2788 syci
602 2691 776 2817 πρόφρων
792 2701 984 2792 ε’θέλωμι’
965 2696 1136 2823 εράσσαι,

208 2800 303 2899 αὐτῇ
315 2830 375 2874 κεν
389 2800 472 2896 γαίῃ
490 2795 662 2896 ε’ριίσοιιμ
670 2849 681 2884 ,
707 2797 804 2896 αὐτῇ
815 2829 856 2874 τε
873 2796 1051 2900 θαλάσσῃ.

155 2960 235 3026 Νοο
253 2958 340 3025 euim
356 2956 523 3023 facturum
537 2980 574 3024 sc
588 2955 625 3021 id
635 2955 792 3046 Iuppiter
805 2955 942 3043 indicat,
969 2956 1030 3025 scd
1045 2958 1142 3044 dicit,
1170 2960 1264 3049 quid,

157 3063 185 3130 si
203 3061 283 3129 velit
307 3061 439 3146 facere,
466 3060 614 3127 futurum
636 3060 687 3127 sit
739 3059 897 3144 Rectius,
923 3068 961 3128 ut
982 3061 1017 3128 in
1043 3085 1081 3130 rc
1103 3085 1184 3130 vere
1207 3064 1262 3132 fu·

155 3177 247 3253 tura,
273 3164 441 3232 restitutus
457 3162 686 3230 coniunctivus
699 3162 793 3229 Iliad.
809 3190 833 3233 ι.
852 3159 938 3230 391.

207 3293 305 3371 τάων
322 3296 365 3396 ἤν
383 3296 419 3370 κ’
437 3301 613 3390 ἐθέλωμι,
640 3296 747 3393 φίλην
762 3291 942 3395 ποιήσομ’
961 3296 1115 3374 ἄκοιτιν.

156 3436 213 3504 Sic
228 3436 328 3503 etiam
345 3434 413 3503 0d.
429 3464 459 3508 τ
475 3432 561 3503 489.

208 3569 292 3644 ou'da
311 3571 455 3666 τροφοῦ
473 3569 578 3694 οὔσης
594 3596 656 3643 σεο
642 3566 873 3699 άφέξομηιι,
899 3568 1034 3647 οππότ’
1055 3573 1101 3648 ἄν
1116 3573 1225 3657 άλλας

209 3669 361 3768 δμωάς
344 3702 381 3747 εν
404 3668 620 3770 μεγάροισιν
638 3678 738 3766 ἑμοιι
751 3674 924 3769 κτείνωμι
939 3683 1116 3769 γυναῖκας.

155 3812 222 3881 Hic
240 3835 376 3902 quoquc
392 3813 501 3903 vulgo
515 3812 682 3902 optativus
698 3811 832 3902 legitur.

257 3916 409 3984 Diximus
425 3915 492 3983 hoo
510 3938 618 4007 genus
634 3915 887 3984 constructionis
899 3918 1075 4007 epicorum
1088 3917 1265 4009 proprium

157 4041 245 4102 csse,
271 4029 308 4084 ut
325 4020 381 4086 vel
395 4028 578 4111 propterea
594 4027 790 4108 suspectum
805 4042 878 4089 csse
892 4019 1034 4109 debeat,
1060 4020 1155 4111 quod
1170 4019 1264 4114 apud

155 4121 354 4211 Euripidem
369 4121 533 4195 Androm.
552 4120 638 4190 tul.
664 4121 825 4214 legimus:

209 4259 246 4330 εἴ
255 4287 292 4328 τι
308 4251 377 4380 γηίρ
394 4257 439 4328 σίν
457 4251 592 4346 πάσχοι
608 4285 663 4340 τις
680 4252 887 4354 άμήχανον,
908 4255 1015 4356 άλκης

209 4357 253 4432 οὐ
270 4354 396 4441 σπάνις
413 4356 620 4454 εὐγενέταις.
