2842 4920
534 331 620 393 LIB.
644 332 681 394 [Ι.
726 333 819 395 CAP.
844 337 894 398 12.
1209 343 1274 405 129

143 580 146 585 .
261 518 335 587 Sed
356 519 576 589 memorabile
602 528 671 611 est,
702 520 781 591 huic
814 521 1039 592 coniunctivo
1052 524 1270 598 deliberativo

160 645 224 689 non
247 645 322 690 esse
339 624 451 691 locum
469 626 529 692 nisi
553 626 587 691 in
604 628 767 694 sententia
789 627 936 716 aliquam
955 629 1168 720 negationem
1185 656 1268 699 con·
1353 686 1356 691 .

160 726 289 792 tinente.
345 727 449 810 Quod
473 728 533 795 etsi
556 728 690 796 minime
711 731 833 797 mirum
859 741 926 816 est,
952 742 1083 816 tamen,
1110 737 1268 822 quoniam

160 851 259 920 saepe
285 830 459 897 recondita
481 832 562 898 latet
583 833 640 898 illa
656 835 810 924 negatio,
839 832 960 924 effugit
982 834 1067 901 haec
1082 838 1167 903 ratio
1190 838 1267 906 dili·

158 933 305 1023 gentiam
325 934 474 1001 virorum
489 935 676 1002 doctorum.
728 937 775 1004 At
792 937 897 1003 omnis
916 936 1112 1004 deliberatio
1136 951 1186 1007 est
1202 941 1267 1010 du·
1300 957 1303 961 ’

158 1035 308 1117 bitantis‚
334 1037 427 1124 quod
445 1047 494 1105 est
514 1038 689 1106 nescientis
708 1039 791 1127 quid
812 1041 924 1131 eligat.
978 1038 1078 1107 Vnde
1099 1039 1163 1112 οὐκ
1186 1045 1265 1132 ἔχω,

158 1133 302 1229 α’πορῶ,
331 1134 566 1236 α’μφιςβητῶ,
594 1150 650 1208 aut
670 1141 775 1210 simile
798 1143 880 1232 quid
898 1143 1023 1231 ubique
1046 1141 1168 1213 subest.
1221 1148 1267 1214 Vt

157 1240 249 1329 apud
263 1241 471 1332 Aeschylum
485 1245 598 1311 Prom.
614 1243 701 1312 sto.

571 1401 654 1468 stov
671 1422 740 1492 γαρ
756 1424 777 1492 η
796 1423 844 1467 τα
861 1390 973 1469 λοιποί
993 1425 1053 1470 σοι

258 1489 384 1592 φράσω
406 1496 593 1593 σαφηνῶς,
621 1498 644 1596 ἤ
662 1493 728 1571 rob
748 1494 933 1572 ἐκλύσοντ’
947 1502 1021 1592 ἐμέ.

156 1648 226 1715 Nec
242 1649 374 1716 mirum.
428 1651 543 1734 Quum
561 1652 649 1718 enim
666 1651 816 1718 excultus
841 1673 952 1718 senno
977 1651 1199 1739 Graecorum,
1228 1665 1264 1722 nt

156 1775 256 1842 supra
287 1752 429 1839 dictum,
465 1756 682 1849 coniunctivo¹
697 1778 764 1821 non
785 1763 896 1822 utatur
919 1755 952 1821 in
978 1757 1138 1823 sententia
1162 1757 1262 1840 finali,

155 1855 211 1922 nisi
228 1857 394 1946 particula
415 1857 506 1924 finali
526 1858 658 1944 addita,
684 1857 884 1949 migraretur
904 1880 944 1924 ca
959 1880 1095 1945 nonna,
1118 1859 1145 1925 si
1168 1859 1262 1926 affir-

154 1960 297 2025 matione
322 1981 521 2050 praegressa
545 1961 782 2029 deliberativus
812 1961 1037 2027 coniunctivus
1063 1972 1262 2052 poneretur:

154 2069 187 2127 ut
204 2062 273 2150 ἔχω
298 2059 380 2133 ὅτι
403 2062 478 2155 φῶ,
519 2063 636 2132 habeo
659 2064 757 2154 quod
779 2063 913 2130 dicam.
964 2063 1060 2161 Haec
1082 2065 1169 2130 enim
1195 2066 1262 2131 iam

139 2185 217 2230 ¹non
242 2157 465 2253 deliberatio,¹
484 2190 594 2256 neque
619 2166 849 2234 conditionalis
873 2167 1035 2234 sententia
1058 2175 1126 2251 est,
1154 2168 1260 2256 qualis

155 2262 214 2339 orla
230 2267 298 2357 ἔχω
317 2264 393 2339 ὅτι
413 2267 491 2361 φῶ,
519 2271 580 2338 sed
602 2271 720 2342 finalis.
745 2270 896 2338 Diximus
914 2269 1051 2337 enimin
1072 2271 1162 2337 omni
1184 2294 1262 2338 sen-

153 2371 252 2437 tentia
268 2370 484 2455 conditionali
499 2397 564 2465 per
579 2374 825 2451 coniunctivum
842 2373 1020 2464 significari
1033 2372 1183 2440 futurum
1200 2397 1260 2441 ex-

153 2483 282 2541 actum:
309 2496 352 2540 eo
371 2483 483 2542 antem
505 2477 608 2563 illud,
633 2477 727 2566 quod
749 2476 909 2565 primario
935 2475 1041 2541 verbo
1064 2476 1259 2560 continetur,

152 2577 315 2667 posterius
339 2601 410 2644 esse
438 2578 559 2665 debet,
586 2588 623 2646 ut
644 2573 708 2650 sidu
733 2579 855 2673 θέλῃς,
883 2578 980 2655 λέξω.
1032 2576 1129 2643 Haec
1156 2577 1184 2644 si
1214 2577 1260 2645 ad

91 2693 93 2704 '
152 2680 230 2747 illud
244 2681 435 2764 transferas,
463 2677 527 2753 otiu
543 2684 610 2772 ἔχω
630 2678 652 2753 ὅ
668 2709 705 2753 τι
725 2681 795 2777 φῶ,
821 2688 914 2746 recte
930 2701 966 2745 se
983 2677 1123 2747 habebit
1140 2681 1258 2754 oratio.

152 2783 238 2850 Nam
260 2780 282 2854 ὅ
302 2811 340 2853 τι
358 2783 415 2876 φῶ
431 2787 572 2876 proprie
593 2795 643 2854 est
666 2785 765 2876 quod
786 2784 911 2851 dicere
925 2791 1093 2876 repertus
1109 2782 1198 2852 sim:
1223 2784 1261 2852 id

151 2886 250 2978 igitur
265 2887 416 2955 nondum
442 2898 586 2975 constat,
613 2888 675 2955 sed
691 2886 953 2978 exspectandum
975 2887 1111 2954 demum
1134 2896 1193 2970 est,
1217 2910 1258 2956 an

152 2991 222 3080 quis
242 2989 356 3057 dicere
372 2992 578 3081 reperiatur:
598 2993 710 3078 itaque
728 2991 759 3056 ei
773 2998 865 3055 recte
887 2988 971 3054 illud
985 2989 1097 3078 ipsum
1114 2988 1258 3072 additur,

153 3089 214 3164 οὐκ
235 3093 314 3182 ἔχω.
354 3086 402 3160 A't
415 3095 442 3161 si
458 3095 550 3161 dicas
571 3094 637 3182 ἔχω
658 3090 718 3164 ὅτι
734 3090 800 3184 φῶ,
826 3091 1065 3180 repugnabunt
1085 3088 1171 3155 haec
1185 3090 1257 3160 sibi.

123 3222 126 3230 ·
151 3195 237 3262 Nam
254 3219 357 3284 quum
375 3193 398 3268 ὅ
414 3224 449 3267 τι
475 3196 532 3290 φῶ
551 3197 643 3282 dicis,
669 3194 705 3262 id
724 3203 762 3261 ut
783 3193 942 3275 futurum,
970 3191 1073 3280 idque
1095 3192 1259 3258 incertum

150 3299 267 3389 ponis:
294 3322 398 3387 quum
417 3309 529 3367 autem
555 3301 621 3387 ἔχω
644 3299 780 3382 adiicis,
803 3298 871 3364 iam
894 3317 1053 3389 praesens
1073 3304 1107 3362 et
1130 3302 1259 3361 certum

151 3425 221 3469 esse
248 3401 330 3468 dicis
348 3403 448 3489 illud,
475 3403 570 3493 quod
586 3425 627 3469 ex
646 3403 708 3469 ista
732 3401 844 3468 futura
864 3424 902 3467 re
922 3397 1086 3490 pendeat,
1114 3397 1217 3464 veluti
1232 3399 1259 3465 si

150 3504 260 3573 dicas:
295 3504 432 3589 babeo,
464 3507 562 3596 quod
585 3505 725 3573 dixero.
779 3502 993 3589 Omninoque
1013 3502 1048 3567 in
1070 3523 1133 3585 co,
1167 3500 1259 3589 quod
1345 3567 1348 3577 ,

150 3618 198 3675 cst
219 3605 338 3676 habeo
362 3609 460 3700 quod
484 3609 628 3696 dicam,
662 3607 745 3676 nihil
765 3608 850 3673 inest
876 3605 1139 3673 deliberationis:
1168 3603 1259 3669 unde

149 3733 190 3778 ne
210 3711 307 3778 verbi
329 3712 465 3800 quidem
496 3711 618 3795 modo,
646 3712 703 3799 qui
726 3709 955 3777 deliberationi
978 3707 1128 3788 inservit,
1146 3705 1257 3771 locus

150 3823 207 3884 est.
261 3814 379 3903 ltaque
400 3839 467 3883 non
492 3815 539 3882 sic
563 3816 744 3903 loquuntur
772 3811 916 3895 Graeci,
947 3809 1008 3877 sed
1032 3817 1090 3873 ant
1110 3806 1259 3873 futurum

103 3978 104 3983 ,
149 3915 342 4004 adhibent‚·
357 3928 414 3984 aut
437 3919 535 3985 aliam
555 3918 719 4008 figuram:
748 3916 917 4005 planeque
938 3911 1127 4001 comparari
1146 3919 1259 4001 potest

149 4019 244 4117 πρίν,
272 4022 366 4108 quod
384 4045 451 4088 non
466 4021 528 4087 nisi
542 4021 723 4111 negatione
742 4038 940 4108 praegressa
955 4036 1032 4080 cum
1049 4013 1154 4080 verbo
1164 4022 1258 4080 recto

150 4125 363 4192 construitur:
391 4125 434 4191 de
451 4146 517 4213 qna
534 4147 571 4190 re
591 4123 658 4190 dixi
674 4120 718 4188 ad
734 4119 852 4210 Eurip.
874 4117 971 4188 Med.
992 4112 1077 4183 215.
1095 4126 1129 4183 et
1142 4117 1259 4183 Reisi-

149 4225 222 4314 gius
246 4227 280 4292 in
296 4226 373 4295 diss.
398 4227 441 4293 dc
459 4227 623 4317 particula
637 4224 682 4296 ἄν
699 4248 735 4314 p.
757 4218 843 4288 1⁰5.
861 4243 932 4309 seq.
984 4219 1101 4288 Edidit
1123 4218 1260 4307 quidem

149 4326 327 4396 Bekkerus
349 4329 441 4420 apud
455 4330 633 4397 Platonem
646 4329 682 4396 in
694 4325 904 4419 Phaedrop.
920 4321 1006 4391 255.
1021 4324 1064 4392 Ε.
1080 4326 1117 4395 ἐν
1133 4316 1198 4393 οὖν
1216 4319 1262 4414 τῇ

199 4431 413 4504 Hnun.01›.
439 4433 497 4500 lv.
1035 4427 1050 4491 l
