2842 4920
542 366 627 427 LIB.
649 367 674 428 1.
720 368 818 431 CAP.
842 374 893 435 lo.
1228 377 1285 442 ὅδ’

161 558 207 626 vis
240 577 444 649 praegresso
459 552 665 651 α’φίκοιντο.
718 517 840 652 Euuip.
868 559 974 631 Inone
1001 583 1059 655 up.
1086 563 1271 634 stobaeum

160 659 316 732 uxvffl
337 657 396 734 12
419 659 558 753 pezo

259 807 372 906 νόμον
397 813 575 936 γυναικοῖν
595 811 639 935 pa}
663 816 776 897 καλως
802 822 941 891 κεῖνται
967 820 1061 916 πέρι

260 916 351 1015 χρῆν
376 909 447 1013 γοῖρ
473 911 541 990 τόν
567 912 793 1009 εὐτυχοῦντα
820 947 842 1013 y
884 918 944 994 ὅτι
964 921 1136 1004 πλείστας
1159 925 1254 1014 ἔχειν

258 1024 448 1113 γυναῖκας,
475 1021 607 1197 ai'uepg
606 1021 666 1094 καί
695 1017 818 1118 τροφή
844 1017 972 1116 δόμοις
997 1028 1137 1123 παρῆν,

259 1148 305 1204 (ος
330 1149 399 1221 την
424 1149 588 1219 κακηνμ
591 1123 629 1197 ὲν
655 1125 819 1218 ἐξέβαλλε
846 1121 1043 1221 δωμάτων,

257 1252 325 1315 την
352 1222 388 1299 d'
415 1222 529 1299 οὖσαν
554 1219 690 1324 ἐσθλήν
716 1225 825 1324 ηδίως
851 1222 1011 1317 ἐσώζετο.

157 1379 223 1467 11ο,
250 1379 312 1446 uisi
337 1379 456 1465 fallor,
483 1379 716 1450 scribendum·
741 1405 822 1449 nam
842 1383 933 1451 male
957 1385 1121 1476 vulgo
1084 1410 1185 1478 ειπερ
1211 1383 1268 1457 οἶν.

158 1429 230 1552 Sed
245 1482 328 1549 boui
339 1429 478 1553 Ιὶοτίοίν
494 1484 660 1557 omittunt.
695 1484 861 1553 Heathius
877 1484 1037 1579 ἑξέβαλλ
1054 1486 1100 1559 ἄν
1115 1487 1269 1556 seriben-

156 1587 236 1654 dum
257 1586 420 1676 putabat,
447 1585 541 1674 quod
563 1587 750 1679 vituperat,
774 1589 848 1656 iure
870 1587 1028 1677 quidem,
1063 1589 1125 1656 sed
1144 1612 1267 1681 parum
1355 1598 1358 1609 '
1412 1684 1415 1687 Ι

156 1690 366 1781 exploratam
400 1689 531 1758 habens
564 1689 662 1758 huius
691 1692 740 1758 rei
774 1691 937 1759 rationem
968 1691 1209 1760 Valckenarius
1233 1693 1267 1760 in

154 1793 260 1864 Diatr.
285 1791 330 1860 de
352 1792 393 1860 fr.
409 1792 492 1866 Eur.
516 1816 553 1886 p.
582 1791 669 1866 luo.
695 1793 789 1886 quod
814 1795 914 1862 etiam
939 1794 1114 1863 Brunckio
1136 1794 1267 1881 accidit,

155 1919 256 1985 quem
271 1896 350 1964 vide
363 1895 407 1966 de
428 1895 494 1963 hac
515 1897 762 1965 constructione
777 1897 822 1964 ad
841 1896 965 1968 Aesch.
979 1899 1095 1970 Prom.
1114 1893 1202 1972 155,
1223 1898 1268 1967 ad

154 1999 272 2091 Eurip.
289 2000 377 2073 Heo,
405 1997 492 2071 214.
518 1999 563 2066 ad
583 1998 700 2092 Apoll.
719 1999 834 2073 Rhod.
858 2001 886 2074 1.
905 1999 992 2074 281.
1044 2001 1203 2093 Explicui
1221 2002 1267 2070 ad

155 2103 269 2195 Viget.
287 2125 325 2194 p.
340 2101 428 2175 ³91.
442 2112 478 2171 et
490 2100 578 2176 851.

253 2207 333 2274 Noli
353 2229 437 2274 vero
454 2216 595 2297 putare,
620 2228 690 2274 non
712 2206 816 2274 licere
836 2207 973 2275 omnino
994 2205 1029 2274 iu
1048 2206 1118 2274 hoo
1138 2229 1266 2298 genere

152 2308 312 2399 loquendi
331 2309 504 2403 particulis
521 2310 675 2378 finalibus
698 2308 824 2378 addere
839 2308 896 2382 οἷν.
948 2309 1058 2378 Immo
1080 2312 1266 2383 necessaria

152 2411 332 2504 aliquando
357 2413 426 2482 eius
449 2411 594 2481 adiectio
616 2420 678 2484 est.
729 2413 816 2481 Nam
839 2413 897 2480 ubi
917 2434 1004 2496 nou,
1031 2413 1113 2502 quid
1138 2412 1265 2503 fuisset,

152 2515 209 2583 sed
231 2515 315 2605 quid
335 2517 501 2608 potuisset
524 2518 599 2584 fieri
623 2514 773 2583 iudicare
794 2516 966 2599 votumus‚
998 2516 1186 2583 necessaria
1215 2527 1266 2585 est

150 2620 327 2710 particula.
353 2618 600 2688 Demosthenes
616 2619 661 2688 de
674 2619 760 2687 falso
773 2627 847 2692 test
862 2618 907 2685 ad
921 2616 1159 2745 Aphobump.
1175 2617 1264 2703 849,

152 2721 210 2795 14.
226 2721 374 2815 πρῶτον
388 2721 458 2814 μὲν
471 2749 541 2816 γαρ
558 2725 658 2818 εἴπερ
675 2749 720 2802 ως
735 2719 878 2844 α’ληθῶς
895 2721 1015 2794 ταῦτα
1029 2747 1082 2818 μη
1097 2715 1264 2851 ἐμαρτύ-

150 2849 278 2922 ρησεν,
307 2821 373 2898 οὐκ
388 2824 434 2897 οἷν
448 2825 514 2899 νῦν
528 2821 712 2921 ἔξαρνος
690 2853 757 2920 ην,
785 2819 878 2897 ἄλλα
892 2818 961 2899 τότ
969 2819 1137 2904 e'v'dvc
1120 2825 1178 2896 επὶ
1194 2827 1278 2898 τοῦ4

150 2927 405 3025 δικαστηρίου,
438 2955 503 3024 της
524 2925 730 3044 μαρτυρίας
758 2924 1130 3025 ἀναγιγνωσκομένης
1157 2925 1262 3015 ἡνίκα

149 3030 342 3123 μᾶλλον
317 3056 370 3103 αν
395 3025 511 3104 αὐτόν
540 3057 562 3126 η
596 3030 660 3103 νῦν
687 3024 864 3123 ω’φέλοι.
922 3029 1048 3096 Hic
1023 3057 1069 3100 αν
1101 3030 1265 3118 positum,

149 3135 206 3202 ubi
227 3132 274 3200 ad
295 3135 444 3225 primum
467 3134 669 3226 adspectum
690 3133 810 3200 abesse
831 3130 990 3201 debebat.
1043 3131 1155 3197 Recte
1179 3152 1261 3199 vero

149 3238 279 3328 posuit:
315 3235 378 3306 olo·
408 3238 442 3307 ei
470 3238 560 3331 ptus
596 3258 707 3330 qoam
738 3257 835 3304 οοαο
864 3234 1049 3328 prodesse
1069 3232 1259 3327 potuisset.

151 3338 285 3410 Omissa
299 3341 484 3432 particula,
511 3364 625 3409 sensus
645 3340 754 3426 soret,
779 3338 841 3408 obi
850 3338 940 3432 ptus
947 3335 1163 3432 profiu'eaet.

250 3442 352 3527 Quae
375 3444 621 3536 particularum
638 3443 800 3527 finalium,
826 3442 949 3512 eadem
973 3442 1073 3510 etiam
1092 3439 1259 3510 conditio-

148 3547 273 3615 nalium
285 3548 371 3616 ratio
387 3558 447 3621 est.
499 3548 589 3617 Nam
604 3569 673 3615 nou
687 3546 782 3615 aliter
793 3547 832 3615 iis
846 3546 981 3615 additur
994 3544 1059 3633 ἄν,
1086 3567 1188 3633 quam
1201 3546 1259 3611 ubi

147 3647 370 3718 necessarium
385 3659 447 3726 est.
483 3651 547 3720 Est
561 3659 674 3719 autem
687 3651 911 3719 necessarium
925 3649 1030 3717 tribus
1045 3648 1257 3739 potissimum

146 3753 268 3828 modia.
319 3755 435 3823 Primo
451 3754 512 3821 ubi
525 3777 593 3823 non
614 3754 808 3846 simpliciter
827 3752 1010 3821 dicendum
1027 3760 1079 3818 est
1102 3749 1136 3820 οἱ
1149 3758 1255 3836 esset,

147 3855 189 3925 de
203 3877 269 3942 eo,
294 3858 389 3946 quod
403 3879 471 3927 non
483 3867 552 3941 est3
578 3855 640 3926 sed
655 3858 689 3925 οἱ
696 3866 826 3951 posset
840 3878 936 3944 esee,
962 3856 1007 3924 de
1022 3876 1064 3922 eo
1079 3853 1173 3941 quod
1187 3876 1256 3922 non

146 3959 252 4027 modo
267 3982 337 4029 non
355 3969 422 4046 est,
449 3958 572 4030 sedne
593 3968 708 4052 potest
725 3959 864 4050 quidem
880 3980 965 4032 esse.
1018 3955 1064 4026 Vt
1078 3955 1173 4086 apud
1187 3957 1257 4027 De-

146 4062 391 4133 mostheuem
381 4087 415 4188 ιρ
432 4063 556 4185 Steph,
572 4062 617 4132 de
633 4063 807 4132 tueraroh
819 4085 858 4155 p
880 4059 992 4145 1229,
1012 4058 1123 4133 22.”
1101 4088 1158 4135 au
1171 4058 1254 4133 τοί-

147 4191 211 4240 νυν
228 4192 431 4291 ρπηρεοναν
456 4193 525 4295 την
545 4164 743 4287 κρατίστην
765 4166 920 4259 ἔλαβον,
945 4163 1066 4259 πολλῷ
1084 4167 1254 4237 πλεῖστον

147 4263 354 4397 α’ργτίριον
342 4262 436 4351 δοος
462 4264 622 4345 οὖτονδ
637 4296 676 4343 τι
670 4264 819 4362 μὲν
777 4295 817 4341 ει
826 4293 907 4360 χον
920 4263 1056 4366 χείρον’
1072 4265 1125 4340 ἄν
1139 4290 1252 4363 ημων,

148 4367 295 4447 aveo
269 4399 317 4449 αν
329 4399 375 4470 ην
395 4366 525 4449 δεινόν.
551 4366 670 4447 νῦνδ
686 4366 804 4448 ον’(λΗ
782 4371 1041 4447 οποιαντννοῦν
1063 4394 1118 4441 κω
1137 4366 1251 4461 μεμί-
