2842 4920
241 394 301 456 on:
322 390 615 453 ιιιοιιιιιιοιο
639 392 965 494 raonnsnapa
986 395 1179 464 aovmo
1201 361 1267 484 sao
1352 425 1354 429 ψ

169 577 329 680 α’ριθμάκ
349 577 611 704 λαμβάνουσα,
639 578 722 656 άλλ
724 580 995 708 η’ποτιθςμένη
1016 581 1063 661 τά
1079 589 1148 679 μὲν
1165 589 1204 669 ’ἐν
1219 588 1264 672 aie

165 681 347 813 μονάδα,
361 713 407 758 το
399 678 473 759 δὲ
474 679 720 811 α’ριδμητόν
732 683 777 766 oie
796 681 984 781 α’ριδμόν,
1012 689 1093 764 οἷον
1110 718 1157 765 τα
1176 694 1262 788 τρία
1346 734 1350 741 ·

165 784 347 884 τριάδα
312 816 407 862 ιιναι
422 787 481 860 καὶ
495 816 542 860 τα
536 781 638 860 δι’κα
652 781 806 861 δεκάδα·
831 786 891 884 ἐφ
899 786 949 862 οἷν
964 786 1089 885 ἐπάγει
1104 787 1153 867 τά
1165 790 1262 868 κατά

137 904 140 908 ’
163 884 410 1013 α’ριδμητικην
418 883 662 1014 θεωρήματα.
691 897 826 1011 διαιρεῖ
839 885 1026 968 οὖντοῦτο
1038 897 1108 1018 μὲν
1123 923 1167 969 το
1159 890 1262 996 κλη-

163 996 227 1068 θὲν
240 992 290 1066 δπ
297 987 573 1088 ’Ἀρχιμήδους
593 985 741 1085 βοιικδν
763 988 986 1125 πρόβλημα,
1004 999 1118 1072 τοῦτο
1137 999 1175 1072 δι’
1189 1028 1259 1122 μη-

161 1097 259 1178 λίτας
272 1095 334 1168 καὶ
349 1095 518 1190 φιαλίτας
532 1089 729 1190 αριθμοάς,
748 1089 833 1177 τοάς
845 1099 915 1188 μὲν
928 1099 989 1171 ἐπὶ
994 1102 1157 1194 φιαλῶν,
1175 1130 1260 1184 τους

161 1201 240 1273 δὲ’
220 1197 279 1273 επὶ
298 1199 466 1296 ποίμνης·
497 1197 739 1290 (designantur
760 1198 813 1268 his
831 1200 1073 1292 problemata
1063 1227 1098 1273 ιιι
1115 1204 1259 1274 lacobsii
1396 1269 1399 1275 .

159 1301 296 1374 Anthol.
310 1301 383 1374 Pal.
399 1301 442 1371 Τ.
459 1301 502 1369 ll.
518 1325 554 1393 p.
571 1298 658 1370 559.
675 1297 735 1370 5⁰.
750 1300 887 1376 cteta.
905 1302 968 1395 lv)
984 1304 1044 1377 καὶ
1064 1310 1107 1379 ἐπ
1115 1303 1258 1381 ἄλλων

159 1405 201 1483 di
215 1430 330 1533 μινορν
350 1432 398 1477 τα
390 1396 540 1500 πλήθη
563 1404 637 1476 τάν
661 1405 846 1501 αἰσθητῶν
869 1400 1048 1498 σωμάτων
1072 1411 1258 1483 σκοποῦσα
1381 1478 1384 1481 ,

158 1505 200 1589 oie
224 1531 306 1603 nepe
299 1501 519 1579 ι’τιιλιιόιν
494 1506 752 1599 αποφαίνιται.
779 1504 846 1596 ὕλη
870 1509 908 1580 dl
929 1505 1041 1606 αὐτῆς
1062 1506 1184 1586 πάντα
1208 1506 1257 1584 τά
1374 1589 1379 1596 ,

157 1601 365 1731 α’ριιιμητα·
391 1609 483 1704 μέρη
498 1609 537 1681 δὲ
560 1604 672 1706 αὐτῆς
688 1637 727 1680 αι
720 1607 948 1708 ’Ἑλληνικαὶ
967 1637 1026 1682 και
1019 1611 1255 1710 Αἰγυπτια-

155 1739 215 1784 και
206 1704 457 1805 καλούμεναι
478 1713 686 1803 μέθοδοι’
667 1739 705 1785 ar
728 1716 1086 1805 πολλοπλαοιασμοῖς
1108 1717 1169 1788 καὶ
1189 1744 1254 1809 με·

155 1819 308 1910 ρισμοῐς,
334 1811 393 1897 cai
415 1818 455 1884 αἱ
475 1813 549 1885 τάν
563 1812 703 1935 μορίων
724 1809 1046 1907 συμκεφαλαιάσιις
1064 1844 1124 1889 και
1117 1818 1341 1943 dact-4

155 1918 280 2012 ρέοιις,
308 1915 363 1996 αἶς
378 1909 512 2005 ι’χνιάιι
525 1910 575 1988 τά
588 1909 684 1990 κατά
680 1911 763 2036 τήν
781 1914 865 2039 ὕλην
881 1913 1163 2012 ἑμφωλιυάμινα
1179 1921 1270 1995 τάν.

154 2011 423 2116 προβλημάτων
447 2018 494 2114 τῇ
515 2045 596 2112 περι
619 2011 706 2137 τούς
727 2044 923 2140 τριγωνους
943 2047 1002 2093 και
1027 2017 1253 2152 πολυγόνους

153 2119 403 2248 πρημματιία·
430 2123 531 2201 τέλος
554 2121 592 2194 δι’
619 2117 731 2218 αὐτῆς
748 2114 796 2193 τά
814 2116 1024 2197 κοινωνικδν
1042 2129 1081 2198 ἐν
1101 2125 1169 2221 βίῳ
1193 2126 1252 2198 καὶ

152 2217 333 2346 χρήσιμον
355 2228 394 2296 ἐν
412 2223 666 2343 συμβολαίοις,
694 2227 729 2296 ai
739 2252 797 2296 και
792 2223 915 2298 δοκεῖ
928 2223 1009 2321 napi
1026 2228 1100 2301 τοῖν
1114 2231 1253 2325 αἰσθη-
1281 2288 1284 2294 -

150 2326 225 2399 τοῖν
244 2323 289 2407 aie
302 2323 447 2399 τιλιίων
463 2322 748 2421 ἀποφαίνεσθαι.
782 2313 895 2396 Multo
909 2338 1022 2402 autem
1038 2339 1125 2418 ante,
1151 2355 1253 2421 quam

72 2433 76 2445 '
151 2429 242 2498 edita
264 2437 338 2497 sunt
362 2428 491 2498 scholia
511 2428 587 2514 illa,
612 2429 700 2496 haec
720 2429 841 2497 Latine
863 2430 997 2499 reddita
1023 2433 1197 2502 exstabant
1218 2435 1251 2502 ln

149 2514 342 2623 Dasypodii
354 2533 508 2601 versione
518 2530 853 2599 Nomenclatnrarum
868 2533 1014 2602 Heronis
1023 2535 1251 2620 Alexandrini,

108 2702 112 2707 .
149 2659 253 2726 quam
264 2637 319 2704 ille
336 2635 478 2704 orationi
500 2658 579 2703 snae
598 2633 641 2702 de
660 2633 842 2726 disciplinis
863 2634 1104 2706 mathematicis
1118 2639 1251 2730 adiecit,

148 2738 210 2812 fol.
237 2735 295 2810 16.
313 2763 343 2812 a.
364 2740 456 2806 cuius
476 2739 543 2806 loci
562 2737 722 2808 indiciam
747 2737 921 2808 debeoC.
945 2740 1005 2809 Br.
1030 2739 1251 2827 Mollweidio,

150 2843 304 2935 collegae
325 2840 497 2933 quondam
515 2864 610 2922 meo,
636 2841 775 2909 eximiae
799 2840 1034 2913 eruditionis
1003 2868 1085 2915 vno.
1137 2848 1250 2917 Acce·
1315 2848 1317 2851 ’

149 2945 200 3014 dit
221 2945 301 3029 inde
318 2945 403 3013 fides
423 2944 630 3036 insc1iptioni
650 2944 919 3035 epigrammatis,
945 2969 1033 3035 quae
1054 2950 1110 3016 vel
1125 2972 1189 3039 per
1212 2973 1250 3018 se

148 3049 195 3116 ita
218 3057 271 3119 est
291 3038 504 3141 comparata,
534 3055 572 3115 nt
601 3068 671 3113 non
689 3046 820 3113 mentiri
841 3045 1009 3116 videatur.
1043 3044 1248 3175 πράβλημα,

150 3148 240 3246 ὅπερ
256 3146 515 3279 Αρχιμηδης’
497 3177 535 3223 ιν
551 3142 825 3243 ἐπιγράμμασιν
841 3143 973 3245 stipato,
999 3156 1075 3230 τοῖς
1089 3155 1128 3224 ἐν
1143 3147 1246 3224 Αλι-

149 3252 317 3349 ξανδριίᾳ
334 3252 420 3374 περὶ
436 3252 555 3326 ταῦτα
573 3253 933 3382 πραηματευομένοις
947 3259 1062 3350 ζητεῖν
1083 3248 1246 3327 άπέστιι-
1252 3282 1254 3287 ·

148 3361 243 3429 λιν’
226 3384 264 3429 εν
279 3384 325 3451 τη
346 3349 435 3448 πρδς
453 3352 520 3451 Ερ
548 3355 725 3452 τοσδένην
745 3346 812 3427 τάν
835 3357 1047 3449 Κυρηναῖον
1067 3359 1248 3455 ἐπιστολῇ.

147 3459 223 3527 Nec
233 3457 453 3527 dubitandum
466 3481 514 3550 pu
587 3459 668 3548 quin
679 3480 794 3526 versus
808 3459 872 3549 ipsr
862 3458 932 3527 ab
946 3459 1152 3530 Archimede
1166 3461 1247 3530 facti

147 3561 221 3638 sint
273 3561 437 3631 Sciebant
449 3563 538 3629 enim
549 3561 646 3652 talia,
673 3582 741 3649 quo
753 3561 880 3629 firmins
896 3563 1079 3631 memoriae
1095 3563 1248 3632 mandari

147 3673 305 3756 possent,
331 3664 481 3733 versibus
497 3661 754 3756 comprehendi:
780 3687 843 3731 nec
859 3665 997 3749 mirum,
1023 3666 1050 3732 si
1066 3664 1246 3734 Archime-
1331 3654 1356 3665 “’

148 3766 208 3836 des
222 3767 258 3834 in
272 3790 311 3837 re
326 3767 497 3836 communi
511 3790 579 3836 non
595 3775 646 3834 est
659 3766 769 3857 patria
783 3766 928 3834 dialecto
938 3791 1027 3835 usus.
1061 3767 1168 3836 Simul
1182 3791 1245 3838 an-

147 3877 218 3938 tem
232 3879 267 3938 et
286 3894 341 3940 res
355 3872 450 3964 ipsa,
471 3879 505 3939 ct
519 3893 607 3961 qaae
626 3869 818 3938 scholiastes
833 3870 889 3937 ille
912 3869 956 3938 de
970 3869 1108 3963 trigonis
1123 3879 1158 3938 et
1176 3895 1245 3965 po-

147 3971 283 4066 lygonis
309 3974 408 4065 dicit,
441 3981 642 4067 argumento
664 3979 754 4058 sunt,
771 3980 916 4040 tantam
936 3973 1054 4041 abesse
1081 3981 1120 4040 nt
1139 3973 1246 4044 altera
1362 4054 1364 4061 ⁴

147 4099 228 4168 pars
243 4079 495 4171 epigrammatis
508 4076 624 4200 spuria
636 4074 696 4163 sit,
720 4082 758 4141 nt
771 4075 914 4142 maxime
930 4077 1110 4168 genuinam
1125 4074 1244 4148 haberi

148 4190 313 4272 oporteat.
366 4182 455 4250 Nam
478 4181 573 4273 prior
593 4200 674 4270 pars
698 4175 861 4245 eiusmodi
882 4186 949 4264 est,
974 4188 1012 4248 nt
1032 4179 1202 4248 solutio
1173 4204 1244 4250 erus

146 4283 275 4372 aliquid
294 4306 438 4377 operae,
463 4283 547 4352 nihil
569 4288 682 4350 aulem
703 4282 781 4350 artis
798 4281 963 4371 requirat;
986 4284 1091 4352 altera
1109 4305 1191 4351 vero
1210 4292 1244 4352 et

148 4385 252 4478 digna
266 4396 317 4455 est
328 4388 465 4482 ingenio
477 4383 707 4473 Archimedis,
734 4393 768 4453 et
783 4385 876 4469 talis,
902 4395 939 4454 nt
958 4393 1052 4455 recte
1070 4408 1245 4477 provocer
