2842 4920
222 380 288 445 m
350 372 405 437 llll
425 367 760 435 mscuuulourssvs
774 363 1003 443 eruvselu
1024 365 1202 432 eunucis.

224 570 280 641 vel
293 567 412 638 saltem
426 586 500 633 serr
486 560 714 634 simillimum
727 559 779 632 slt
830 558 932 629 Hanc
945 559 1138 654 regulam
1113 584 1141 629 ιι
1157 560 1203 630 ad
1220 562 1331 634 hocce

225 675 438 768 epigramma
462 667 693 787 applicamus,
728 665 840 757 primo
869 664 1180 750 animadvertimus,
1213 663 1333 740 dil*
1310 695 1331 742 ο

225 777 294 873 μὲν
311 774 357 843 ad
377 771 503 864 aliquid
518 769 713 863 oppositum
729 767 865 856 referri,
891 777 992 857 atque
1013 767 1174 836 idcirco
1164 791 1200 837 m
1218 770 1333 839 verbis

227 903 315 971 quae
333 886 493 970 corrupta
513 883 589 943 sunt
611 873 655 942 de
676 872 790 961 aliquo
810 893 1000 940 sermenem
1018 894 1110 959 esse,
1137 873 1196 964 qui
1211 895 1333 968 oppo-
1372 902 1375 906 ·

227 992 324 1052 natur
344 1002 479 1074 sponso.
539 978 612 1045 lam
641 975 724 1044 nilril
749 985 820 1043 tam
848 983 1107 1044 cousentaneum
1128 985 1195 1065 est,
1229 1000 1333 1069 quam

227 1107 353 1180 sponso
369 1081 500 1177 opponi
515 1102 705 1173 sponsam,
736 1077 846 1168 quue
869 1101 911 1147 eo
931 1079 972 1146 fit
984 1078 1211 1171 probabilius,
1237 1081 1334 1173 qnod

227 1212 316 1280 quae
336 1187 466 1280 primae
486 1185 520 1254 in
539 1182 654 1276 lapide
672 1190 856 1273 sequuntur
883 1181 1053 1275 syllabae,
1084 1181 1289 1258 ΤΟΥΔΕΙ
1288 1186 1333 1273 Υ

226 1294 283 1361 vix
303 1291 348 1359 ad
371 1291 470 1357 aliam
496 1287 623 1356 ducunt
648 1287 894 1375 coniecturam,
923 1307 1026 1375 quam
1055 1285 1100 1353 ad
1125 1300 1194 1360 τὸυ
1180 1287 1255 1362 dd
1276 1281 1332 1362 ad.

227 1395 336 1486 quue
357 1393 528 1487 aptissime
545 1412 622 1460 cum
636 1389 843 1483 praegressis
854 1388 1007 1457 versibus
1021 1389 1182 1475 concinit,
1200 1390 1237 1460 in
1253 1393 1333 1484 qui·

227 1501 291 1569 bus
319 1496 515 1566 defunctam
541 1516 605 1586 per
628 1490 687 1566 τοὶ
716 1501 751 1561 et
768 1485 940 1588 πανιῖωρι
963 1492 1160 1586 compellari
1178 1494 1333 1566 vidimus.

229 1605 342 1692 Atque
362 1608 517 1694 apertum
540 1607 606 1685 est,
639 1597 674 1664 iu
696 1595 905 1689 opponendo
928 1617 998 1663 uon
1016 1597 1204 1667 necessario
1230 1625 1275 1673 συ
1265 1593 1335 1674 dl
1388 1689 1390 1694 .

227 1704 371 1796 requiri,
405 1703 485 1790 aed,
515 1724 581 1794 pro
613 1699 806 1769 conditione
832 1699 1005 1775 notionum
1033 1723 1121 1791 quae
1156 1700 1335 1773 adiunctae

228 1816 321 1896 sunt,
348 1806 387 1881 δὲ
407 1814 442 1876 et
464 1812 579 1899 potest
601 1813 636 1873 et
656 1802 845 1893 aliquando
862 1801 966 1872 debet
986 1811 1068 1894 post
1089 1805 1189 1873 aliam
1211 1829 1335 1877 vocem

227 1912 326 2006 peni,
352 1929 455 2001 quam
481 1917 563 2003 pest
585 1930 662 1976 eam
690 1930 794 2030 quam
820 1906 1023 2029 oppositum
1034 1906 1333 2001 iriexspectamus.

227 2015 333 2106 Atqui
366 2021 502 2106 praeter
534 2010 618 2081 illud
651 2010 721 2085 τοῦ
749 2010 789 2084 dd
812 2035 857 2083 συ
848 2003 962 2078 nihil
991 2010 1053 2079 nisi
1075 2012 1281 2088 MHAEN
1302 2024 1336 2085 et

228 2118 372 2194 ΛΙΔΑ
383 2139 452 2185 nen
471 2115 693 2208 ambiguum
683 2136 719 2182 ru
737 2112 853 2205 lapide
868 2114 1028 2183 σοιιιίιιιιι
1053 2136 1142 2205 quae
1159 2118 1266 2187 verba
1289 2119 1335 2189 de

229 2220 428 2289 summersi
450 2217 534 2286 nihil
558 2217 640 2286 certi
660 2215 820 2309 produnt
874 2215 1038 2287 caeterae
1056 2218 1187 2291 litteras
1204 2228 1335 2294 tantum

228 2323 327 2392 abest
343 2329 380 2390 ιιι
400 2319 560 2390 indicium
580 2319 704 2388 faciant
725 2319 926 2408 sententiae,
961 2328 1001 2388 ut
1025 2344 1101 2391 eam
1120 2323 1256 2397 aliunde
1276 2349 1335 2397 su.

229 2448 324 2496 mere
351 2432 529 2518 oporteat,
561 2446 630 2514 qno
653 2422 804 2492 invenire
828 2423 950 2514 quihus
976 2428 1089 2497 verbis
1114 2436 1279 2523 expressa
1295 2431 1356 2500 sit·

228 2529 408 2625 pessimus.
460 2529 560 2600 Nune
581 2527 829 2596 usitatissimum
848 2527 1015 2597 veteribus
1037 2539 1107 2618 est,
1132 2533 1160 2601 si
1180 2534 1257 2625 quia
1273 2535 1335 2604 ali-

228 2633 312 2727 quid
330 2633 456 2720 amisit,
490 2630 778 2723 quemadmodum
800 2630 857 2698 hle
877 2653 1020 2722 sponsus
1034 2658 1213 2730 sponsam,
1241 2661 1336 2707 mnr-

82 2740 97 2761 ⁸
120 2790 123 2795 .
228 2748 288 2807 tua
302 2745 416 2805 antem
430 2736 525 2826 quod
539 2734 701 2828 sperabat
716 2733 936 2824 connubium,
961 2734 997 2803 id
1017 2737 1142 2808 dherte
1160 2749 1335 2833 tamquam

228 2840 442 2909 miseratione
458 2838 600 2932 dignum
615 2837 880 2908 commemorari
930 2837 990 2907 Sic
1010 2839 1213 2915 Homerus'
1203 2867 1240 2914 m
1258 2847 1336 2961 leon

228 2943 407 3038 persimili,
433 2940 561 3035 Odyss
576 2941 636 3012 xi
659 2939 749 3015 321.
774 2939 820 3010 de
834 2941 997 3012 Ariadna.

812 3092 857 3193 ἦν
882 3123 974 3169 ποτε
1002 3092 1138 3221 Θησειὶι

280 3226 318 3273 ιιι
344 3191 537 3328 qu'sqc’
519 3224 553 3279 ac
577 3195 710 3321 yodrqv
734 3192 972 3322 Αθηναων*
957 3193 1089 3295 capulus

282 3297 346 3397 ἦγε
375 3302 467 3395 μέν,
508 3295 589 3373 ov’d'
615 3293 799 3397 απόιητο
843 3295 958 3395 πάρος
992 3304 1035 3377 δέ
1061 3330 1130 3398 μιν
1157 3301 1336 3401 'Aesepia

283 3503 401 3603 Aip‘
383 3531 422 3579 ev
449 3497 658 3602 ἀμφιρύτῃ,
688 3500 877 3581 Διονύσου
892 3406 1156 3607 &aldgudanae

230 3659 365 3728 Eadem
384 3657 548 3747 formula,
583 3652 667 3731 οὐδ’
689 3652 875 3757 ἀπόνητο,
909 3654 1074 3730 iuvenitur
1095 3660 1221 3753 Odyss.
1244 3659 1336 3729 XVl.

232 3761 318 3831 12⁰.
350 3762 462 3836 xvu.
477 3759 565 3830 293.
617 3761 776 3854 Apellen.
800 3761 904 3837 188.
948 3765 1020 3832 lam
1040 3766 1074 3832 in
1091 3767 1337 3859 epigrammate

230 3866 289 3935 illo
317 3867 373 3951 sel
408 3865 453 3935 de
479 3887 604 3957 sponso
629 3865 685 3934 vel
712 3865 757 3935 de
783 3889 909 3958 sponsa
929 3869 984 3937 vel
1008 3868 1053 3937 de
1075 3867 1243 3937 ambobus
1271 3867 1338 3935 diei

230 3969 358 4060 potuit,
384 3961 538 4062 ereptam
556 3983 631 4039 esse
651 3977 761 4037 morte
781 3993 926 4063 sponsae
946 3981 1117 4065 speratam
1132 3971 1335 4040 felicitatem.

230 4070 382 4157 Quodsi
406 4074 498 4161 quis,
519 4073 678 4163 quoniam
694 4095 775 4140 casu
793 4096 880 4162 quae
902 4076 971 4168 legi
991 4084 1134 4167 possunt
1145 4076 1278 4143 litterae
1302 4097 1338 4144 se

230 4175 426 4245 commodas
447 4177 650 4269 praebeant,
683 4175 846 4268 quodque
878 4179 914 4246 in
947 4181 1016 4248 fine
1049 4189 1101 4248 est
1131 4182 1177 4252 X
1196 4179 1338 4248 lacunae

229 4279 363 4373 siguum
381 4302 454 4348 esse
469 4279 640 4370 videatur,
666 4281 775 4350 statim
791 4282 945 4351 coniiciat
960 4283 1125 4389 scriptum
1138 4282 1260 4370 fuisse,
