2842 4920
158 359 202 421 04
502 351 561 412 DE
599 349 872 423 Pluulcvul
894 346 941 415 riv

161 543 341 640 quomodo
361 542 593 637 repellendus
621 551 735 613 esset:
771 543 839 612 aed
868 541 1039 635 quoniam
1063 551 1166 634 suot,
1208 545 1271 636 qui

160 649 272 722 aliter
285 647 460 734 sentiant,
486 645 543 714 his
566 647 834 716 occurrendum
856 654 920 716 eet.
972 646 1023 714 lta
1037 657 1181 740 apparet
1200 648 1270 718 iam

160 776 228 821 non
242 751 325 841 quid
340 774 426 843 opus
451 749 510 834 sit,
537 758 571 817 et
584 750 667 839 quid
687 751 809 818 nonsit
825 773 929 841 opus,
956 749 1043 817 inter
1067 772 1103 819 se
1127 753 1269 844 opponi,

160 855 222 925 sed
239 854 407 946 quidipse
427 853 574 920 facturus
591 854 641 922 sit
693 853 923 924 Aeschinesc.
939 853 1111 924 'limarch
1127 878 1164 947 p.
1156 850 1267 924 .153.

160 961 212 1052 (p.
232 954 316 1030 355.
344 951 480 1051 §.15⁰
504 953 688 1048 Bekkff)
660 983 706 1038 ως
727 956 854 1029 τοίνυν
874 961 892 1030 ε’
893 955 955 1051 ξην
975 953 1076 1051 αότῳ
1100 956 1269 1082 σωθηναι

157 1090 209 1159 μη
229 1059 513 1188 τιμωρησαμένῳ
531 1053 598 1131 τόν
616 1085 682 1132 του
668 1053 926 1155 Πατρόκλου
952 1056 1145 1148 θάνατον,
1171 1055 1269 1133 οἶνό-

158 1163 275 1260 γνωθί
287 1188 354 1256 μοι
374 1191 398 1233 α
384 1158 544 1253 λεγει
521 1188 542 1257 η
562 1163 677 1243 Θέτις.
729 1163 897 1231 Potuisset
911 1161 1049 1251 quidem
1070 1162 1147 1250 dici,
1173 1163 1269 1254 quod

158 1266 304 1387 quidam
312 1264 413 1333 codd.
435 1264 564 1332 habent
578 1263 706 1364 ἑξῆν”
680 1292 746 1355 αν,
773 1266 852 1355 quia
872 1266 1019 1334 licuisset
1044 1262 1169 1334 Achilli
1192 1290 1268 1335 ser-

158 1370 244 1458 vari,
278 1369 306 1437 si
330 1368 517 1436 Hectorem
539 1391 607 1436 non
629 1368 819 1457 occideret,
855 1369 949 1459 quod
975 1369 1088 1438 occiso
1115 1370 1209 1438 illo
1199 1393 1269 1439 ram

157 1495 227 1542 non
248 1472 388 1540 licebat:
415 1470 564 1539 sednon
584 1481 676 1540 reete
696 1473 753 1541 hio
783 1473 966 1561 diceretur,
1000 1474 1079 1562 quia
1096 1495 1165 1541 non
1184 1474 1268 1565 quid

156 1575 333 1645 licuerit
305 1598 346 1667 er,
374 1573 435 1642 sed
450 1573 533 1664 quid
551 1575 679 1662 feccrit,
705 1578 884 1666 quaeritur.
923 1575 1054 1666 ltaque
1070 1579 1267 1670 oppositum

63 1852 66 1859 ,
257 1783 401 1851 Restant
414 1782 518 1848 verba
536 1780 696 1874 ὤφελον,
724 1785 890 1875 ἔμελλον,
918 1782 1026 1880 ἔφην,
1053 1776 1265 1880 ἐβουλόμην,

156 1885 201 1954 de
233 1885 353 1974 quibus
383 1882 510 1972 aliquid
535 1883 760 1952 adiiciendum
785 1885 928 1954 videtur.
980 1887 1094 1975 Atque
1125 1883 1265 1981 ὤφελον

156 1988 292 2079 quidem
306 2010 366 2054 cur
380 1987 436 2054 vix
451 1986 546 2053 aliter
566 2009 668 2075 quam
683 1990 752 2057 sine
766 1989 931 2080 particula
947 1987 993 2061 ἄν
1008 1989 1157 2083 positum
1169 1990 1266 2058 inve-

155 2093 281 2182 niatur,
316 2112 359 2158 ex
385 2089 441 2177 iis,
476 2111 564 2177 quae
590 2090 695 2158 modo
721 2091 983 2182 disputavimus
1020 2092 1267 2183 apertissimum

155 2206 215 2263 est.
267 2194 357 2270 Nam
376 2214 480 2332 quum
495 2190 563 2258 hoc
578 2193 721 2261 verbum
733 2194 874 2313 proprie
895 2191 1072 2262 debebam
1086 2195 1266 2390 significet³

79 2399 81 2403 ⁴
154 2423 223 2469 ιιοιι
235 2400 336 2468 etlam
350 2399 424 2467 fieri
439 2419 507 2466 ιιοιι
523 2397 685 2468 debuerit.
713 2349 809 2469 iliad.
827 2408 854 2488 ζ.
871 2395 957 2474 350.

206 2547 337 2648 ἀνδρός
363 2548 480 2626 ἔπειτ’
507 2549 675 2644 ὤφελλον.
697 2550 889 2645 ἀμείνονος
915 2549 1010 2626 εἶναι
1037 2550 1177 2633 ἄκοιτις

205 2655 244 2738 ὅς
269 2652 309 2751 ῤ’
335 2653 401 2754 ᾔδη
426 2654 571 2748 νέμεσίν
597 2683 639 2730 τε
665 2656 725 2729 καὶ
752 2657 880 2747 αἴσχεα
906 2649 1013 2732 πόλλ’
1047 2649 1262 2754 ἀνθρώπων.

152 2806 271 2881 Odor.
288 2807 374 2879 ΖΠ.

203 2959 249 3043 oio
275 2918 367 3059 δη
346 2989 435 3084 εγηιγ
443 2958 612 3066 ὄφελον
637 2955 800 3059 μάκαρός
825 2956 871 3036 ου’
899 2991 964 3037 τευ
998 2964 1153 3092 ἔμμεναι
1185 2955 1263 3046 orde

204 3061 352 3164 ανέρος,
380 3064 423 3139 ὸν
449 3058 663 3140 ιιτεότεσσιν
686 3072 758 3146 coir
783 3067 844 3141 ἔπι
868 3066 979 3165 γῆρας
1006 3068 1167 3158 ἔτετμεν
1258 3164 1261 3173 Ι

1 3312 13 3321 η
40 3292 47 3302 ,
150 3221 326 3310 Nusquam
351 3227 451 3311 potes
478 3241 674 3311 opponere,
700 3228 742 3289 at
767 3241 839 3288 oon
861 3217 1037 3288 dedebam
1056 3241 1156 3290 esse:
1189 3219 1261 3302 sed,

152 3331 195 3393 at
206 3345 277 3391 ooo
293 3343 382 3391 sum.
433 3321 593 3390 Debehas
610 3322 699 3390 euim
713 3321 952 3411 nihilosecius,
979 3325 1039 3392 etsi
1054 3346 1123 3392 nou
1141 3331 1191 3391 est
1205 3323 1261 3392 fa-

150 3434 252 3513 ctum,
279 3422 373 3512 quod
386 3424 460 3492 fieri
475 3422 631 3492 debebat.

252 3525 385 3594 Eadem
407 3526 491 3594 ratio
514 3535 565 3596 est
589 3527 685 3596 verbi
704 3526 863 3619 εμελλον.
917 3527 1022 3596 Nam
1032 3551 1090 3618 qur
1079 3528 1259 3597 facturus

150 3631 233 3722 quid
249 3639 340 3717 erat,
367 3652 445 3698 eum
458 3652 526 3698 nou
540 3639 640 3722 potes
656 3630 769 3699 dicere
785 3651 855 3696 nou
871 3630 973 3699 fuisse
988 3631 1172 3718 facturum,
1199 3631 1260 3700 sed

150 3759 219 3804 non
234 3734 365 3803 fecisse.
418 3733 523 3818 Quod
536 3756 618 3802 vcro
631 3733 744 3802 Latini
759 3733 883 3820 dicum,
899 3732 1259 3828 ιίαολιιιυεῘυὶεευιιι,

150 3838 232 3906 nihil
260 3838 387 3924 obstat,
420 3835 502 3926 quin
532 3837 667 3906 Graece
694 3836 805 3922 dicas,
840 3837 989 3929 ἔμελλον
1015 3837 1060 3911 ἄν
1080 3832 1257 3934 ποιήσειν.

151 3939 345 4033 Opponitur
372 3940 460 4008 enim
476 3936 558 4014 ἄλλ’
584 3935 628 4013 οὐ
650 3941 778 4031 με’λλω,
803 3949 845 4009 at
863 3963 935 4009 ooo
965 3963 1046 4011 oum
1064 3939 1258 4033 factumue.

150 4044 222 4113 Sed
247 4041 450 4130 cavendum,
476 4067 536 4130 ue,
561 4043 621 4111 ubi
641 4042 687 4115 οἶν
706 4066 784 4111 cum
797 4044 956 4112 infinitivo
972 4043 1184 4138 iungendum
1197 4053 1258 4127 est,

149 4146 194 4215 ad
214 4147 337 4237 ἔμελλε
352 4145 474 4218 trahas.
526 4145 622 4216 Vtin
641 4146 799 4238 Xenoph.
821 4145 948 4240 Cyrop.
968 4148 1029 4222 lv.
1053 4146 1087 4234 3,
1111 4145 1145 4214 3.
1172 4141 1259 4233 συός

150 4246 243 4324 ὅπου
261 4249 406 4342 ἔμελλεν
425 4247 471 4320 ἄν
486 4243 722 4332 ἐξακούεσθαι
737 4243 787 4322 τό
806 4243 1002 4343 λεγόμεναι
1029 4250 1050 4319 i.
1069 4275 1097 4319 e.
1113 4247 1176 4320 udi
1186 4249 1258 4344 jic-

150 4362 270 4423 turum
284 4360 386 4437 erat,
412 4359 453 4422 ut
467 4352 641 4451 exaudiri
658 4352 763 4423 dicta
778 4354 937 4446 possent.
990 4353 1056 4423 Vel
1071 4353 1164 4448 apud
1183 4355 1257 4427 llu-
