2842 4920
177 373 242 436 288
475 368 992 433 DEHYPERBOLE

181 565 354 658 appellare
376 563 509 645 maluit,
530 562 729 655 praesertim
749 565 775 631 si
787 571 875 632 totos
891 565 1055 633 exercitus
1073 565 1285 656 designabat,

181 669 369 760 inquibus,
396 667 423 736 si
445 668 591 760 πρυλέες
617 675 692 735 sunt
710 666 862 757 pedites,
893 690 961 735 uon
985 667 1130 736 decebat
1145 672 1285 760 equites,

183 774 241 863 qui
272 771 434 864 dignitate
455 770 607 862 potiores
637 779 730 855 sunt,
769 773 953 861 praeteriri.
1007 774 1055 839 At
1074 772 1157 839 illud
1173 775 1285 864 ipsum

182 876 281 945 valde
303 875 443 943 dubium
460 881 527 963 est,
552 874 761 966 significetne
775 873 908 964 pedites
932 897 973 941 ea
992 896 1066 944 von
1117 875 1181 943 Est
1196 879 1284 945 enim

180 981 215 1048 in
230 981 280 1064 iis,
302 978 346 1046 de
361 998 503 1068 quarum
516 978 703 1069 significatu
717 1001 761 1046 ne
775 978 941 1045 veteribus
957 978 1093 1067 quidem
1105 979 1183 1046 satis
1199 1003 1284 1048 con-

182 1085 300 1152 stabat.
336 1082 378 1148 ld
392 1103 496 1171 quum
507 1103 549 1147 ex
562 1081 798 1171 interpretibus
813 1082 957 1148 Homeri
972 1091 1006 1148 et
1018 1082 1283 1173 lexicographis,

180 1195 251 1254 tum
268 1208 310 1253 ex
334 1185 443 1277 poetis
460 1185 699 1253 recentioribus
721 1184 812 1252 aliud
827 1195 928 1273 atque
942 1185 1035 1252 aliud
1052 1186 1200 1273 sequutis
1216 1210 1282 1254 co-

179 1290 360 1382 gnoscitur.
411 1288 638 1378 Plerisque
607 1289 667 1355 vrsi
694 1297 768 1357 sunt
790 1288 923 1379 pedites
940 1289 1153 1411 significari..
1190 1290 1282 1357 Hine

180 1393 374 1462 scholiastes
396 1391 440 1458 ad
461 1390 555 1460 iliad
573 1392 633 1463 Xl.
653 1390 713 1459 49.
740 1389 955 1485 ἡδιπλῆ,”
934 1419 991 1464 οτι
1007 1418 1170 1485 φανερῶς
1184 1419 1281 1487 πρυ

180 1497 253 1574 λέες
274 1502 310 1566 οἱ
333 1493 441 1580 πεζοί.
469 1490 739 1568 άιτιδιέοταλιιε
765 1486 834 1589 γάρ
864 1486 949 1573 ταῶς
975 1502 1115 1575 ἵππους
1168 1495 1215 1562 Et
1237 1495 1282 1562 ad

178 1598 254 1666 ΧΗ.
272 1594 377 1665 w.
355 1624 376 1693 η
400 1595 575 1693 διπλῆ,
553 1626 613 1670 οτι
634 1597 755 1693 σαφῶς
772 1590 858 1676 code
873 1591 997 1682 πεζοάς
1019 1594 1170 1677 οπλιτας
1183 1623 1280 1694 πρυ

179 1702 268 1782 λέ.ας
320 1698 529 1791 Hesychius.
557 1703 731 1795 Πρυλεῖς,
759 1706 800 1772 οἱ
812 1701 902 1792 μέν,
930 1693 1222 1780 πολλουςλαοάς·
1245 1708 1284 1772 οὶ

179 1806 239 1892 δέ,
266 1798 487 1898 προμάχους,
514 1830 536 1898 η
524 1797 679 1888 πεζους
696 1801 844 1881 οπλίτας
862 1795 1031 1897 άθροους.
1056 1805 1279 1925 Hpooie'oa,

178 1913 293 1993 πεζοῖς
312 1904 485 1986 ὁπλίταις
540 1908 720 2028 Ηρυλέες,
737 1903 835 1992 πεζοι
850 1903 1012 1993 οπλιται
1039 1896 1115 1976 duo
1131 1934 1194 2001 της
1206 1934 1279 1978 πο

179 2008 287 2105 ρείας,
313 2010 485 2082 τουτέστι
501 2009 631 2104 πορείᾳ
647 2001 834 2102 χρῶμειοι.
888 2003 1090 2103 Πρυλέεσσ
1106 2004 1277 2104 α’ραρυῖα,

177 2118 292 2197 πεζοῖς
309 2096 526 2237 ἡρμοσμένα.
569 2112 608 2178 ln
626 2112 770 2180 Seholiis
787 2111 830 2178 ad
844 2111 940 2184 lhad
954 2112 994 2179 V.
1014 2109 1100 2182 744.
1119 2112 1213 2199 quod
1226 2114 1277 2180 le-

176 2215 283 2305 gitur,
311 2209 384 2302 εἶχε
401 2206 481 2305 γάρ,
509 2213 630 2306 φασίν,
659 2218 697 2286 ἐι
714 2221 824 2308 ἑαυτη
811 2213 991 2294 πολίτας
1007 2217 1278 2306 τετυπωμέιους

176 2308 362 2389 πολεων
332 2342 381 2409 ρ
409 2316 508 2383 scribi
523 2315 671 2384 debebat
691 2313 857 2399 οπλίτας,
883 2327 920 2383 ot
939 2319 973 2384 in
992 2325 1155 2405 sequente
1174 2318 1276 2386 scho-

174 2420 230 2492 lio.
284 2417 490 2486 conferendi
505 2442 609 2511 porro
623 2420 738 2510 Etym.
754 2418 805 2486 M.
820 2444 854 2510 p.
871 2418 959 2507 699,
973 2419 1032 2486 31.
1077 2420 1275 2511 Apollonius

175 2524 209 2591 in
227 2523 336 2590 lexico
359 2523 561 2610 Homerico,
590 2522 728 2609 Suidas,
754 2523 946 2592 Eustathius
966 2547 1002 2615 p.
1017 2521 1104 2603 ool,
1123 2521 1157 2591 l.
1210 2525 1275 2591 Hic

176 2626 314 2715 quidem
338 2636 372 2693 et
393 2626 457 2694 isto
481 2628 558 2694 loco
582 2635 615 2693 et
641 2650 677 2718 p.
701 2625 786 2693 893.
838 2627 1036 2694 Herodiano
1059 2628 1196 2716 placere
1218 2629 1273 2715 ait,

176 2729 416 2796 nominativum
428 2751 498 2796 non
517 2723 642 2822 πρῶλις
656 2731 769 2818 brisso,
793 2729 887 2817 quod
898 2730 1211 2820 nomen-proprium
1225 2741 1274 2797 est

176 2832 268 2923 apud
285 2831 461 2921 Lycophr.
478 2829 563 2898 222.
579 2831 640 2899 sed
656 2825 797 2927 πρυλής.
850 2831 1094 2923 Gortyniorum
1114 2856 1191 2900 eam
1212 2857 1273 2901 vo-

175 2958 250 3003 cem
267 2958 341 3002 esse
359 2943 497 3002 testatur
510 2935 706 3003 scholiastes
720 2933 764 3001 ad
777 2935 870 3004 Hiad.
885 2938 959 3006 XH.
973 2937 1133 3028 πρυλέες,
1163 2933 1273 3016 advoc
1289 3002 1292 3013 ,

175 3032 384 3132 Γορτάνιοι.
440 3038 512 3107 Sed
533 3037 747 3122 Eustathius,
774 3062 879 3128 quum
899 3041 1030 3131 scripsit
1044 3062 1082 3129 p.
1108 3037 1197 3126 893,
1215 3038 1271 3106 34.

173 3143 321 3237 πρυλέες
338 3142 380 3214 δέ
384 3190 393 3223 ,
416 3149 452 3213 οἱ
466 3146 503 3215 ἐν
526 3135 625 3237 μάχῃ
648 3140 745 3226 πεζοί
762 3137 856 3214 κατά
870 3143 1032 3235 γλῶσσαι
1045 3139 1269 3235 Γορτυνίων,

148 3241 226 3323 Ἱῶς
242 3270 353 3338 φασιν
369 3250 405 3316 οἱ
420 3244 594 3331 παλαιοί,
620 3245 697 3334 plus
717 3244 812 3324 dixit,
839 3246 979 3337 opinor,
1006 3266 1108 3332 quam
1126 3268 1271 3336 accepe-

171 3355 239 3426 rat,
265 3346 391 3428 addito,
419 3370 485 3435 qua
503 3347 746 3438 significatione
765 3358 964 3440 usurparent
979 3346 1145 3437 Gortynii.
1199 3349 1269 3415 Re-

170 3450 275 3540 petita
288 3458 365 3516 sunt
378 3448 465 3517 haec
476 3450 581 3517 verba
603 3475 623 3517 a
641 3449 808 3518 Favorino
824 3452 857 3518 in
870 3451 1049 3541 Excerptis
1063 3474 1100 3542 p.
1113 3448 1201 3519 999.
1216 3449 1267 3518 ed.

170 3552 325 3620 Diudorf.
351 3554 506 3645 Accepta
522 3577 588 3623 vox
600 3553 645 3621 ita
663 3552 904 3622 aManethone
920 3556 961 3622 ΙΙ.
976 3551 1063 3626 215.

689 3722 746 3820 ἠδ’
759 3718 900 3816 ιἱππήων
914 3710 1075 3821 πρυλέων
1094 3738 1147 3797 τε

270 3822 467 3922 λουμένου,

169 4004 202 4061 et
217 4019 237 4061 a
250 3997 412 4090 scriptore
423 3990 683 4095 epigrammatis,
705 4000 815 4093 quod
807 4011 891 4070 mter
903 4001 1107 4069 incertorum
1119 4008 1170 4068 est
1180 3995 1265 4070 596.

189 4210 194 4217 -
270 4167 328 4239 ιιαί
346 4170 468 4260 στίχας
483 4168 547 4267 ἠδέ
561 4165 762 4268 φάλαγγας,
789 4168 877 4245 ἰδ’
840 4175 1031 4269 αρραγέοις
1050 4169 1268 4272 παρατάξεις

203 4358 206 4365 ¹
270 4267 427 4347 ὁπλιτῶν
440 4278 623 4368 πρυλέων,
640 4275 834 4373 κρατερῶν
853 4271 992 4349 πάλιν
978 4278 1266 4375 ιπποκορυστῶυ
