2842 4920
338 354 666 420 PROBLEMATE
687 356 879 421 bovino,
1096 363 1161 426 m

63 551 160 624 oratio
175 557 274 620 esset.
326 547 400 615 Nec
416 547 562 637 queeilli
582 548 719 635 similia,
746 558 783 617 nt
799 549 863 640 ipsi
876 557 1016 639 putant,
1043 571 1159 619 exem-

59 656 113 746 pla
129 653 290 738 attulere,
315 648 414 719 huius
436 652 571 742 generis
595 661 680 718 sunt.
733 653 853 721 Paullo
873 652 981 745 aptius
1006 675 1157 723 comme-

58 779 187 826 morare
201 762 384 849 potuerant
397 752 481 820 illud
493 753 635 822 Homeri
648 754 743 828 lliad.
758 783 797 847 μ.
815 755 874 825 14.

103 906 234 983 πολλοὶ
248 903 285 983 δ’
299 901 475 1004 Ἀργείων
493 911 534 977 oi
544 905 613 997 μὲν
628 899 742 999 δάμεν
751 959 762 998 ,
791 913 830 982 οἳ
843 905 879 982 δ’
896 908 1073 984 ἐλίποντο.
1117 962 1119 969 <

53 1085 123 1154 quo
143 1063 179 1130 in
195 1061 272 1130 loco
290 1081 360 1129 non
379 1081 459 1128 sane
481 1061 669 1130 necessaria
689 1070 764 1128 sunt
783 1062 839 1130 illa
864 1069 905 1136 οἳ
919 1059 955 1136 δ’
976 1062 1154 1141 ἐλίποντο,

53 1165 115 1234 sed
135 1175 251 1232 tamen
266 1187 311 1232 ne
322 1163 470 1231 absurde
486 1164 624 1254 quidem
641 1165 764 1232 addita
811 1166 850 1234 ln
865 1167 1075 1235 Archimedis
1094 1190 1156 1235 au-

53 1259 123 1338 tem
144 1268 297 1336 versibus
325 1267 489 1358 pervertit
517 1267 608 1335 istud
631 1267 894 1337 additamentum
923 1271 1015 1338 illam
1047 1270 1156 1362 ipsam

33 1461 37 1468 Ι
53 1371 264 1456 sententiam,
290 1392 392 1459 quam
410 1372 647 1461 interpretibus
660 1372 747 1440 visus
762 1380 812 1440 est
821 1374 999 1441 enunciare
1012 1374 1157 1464 scriptor
1228 1403 1230 1406 >

53 1475 221 1544 voluisse·
262 1473 431 1559 Quodsi,
464 1483 501 1540 ut
524 1496 590 1565 par
614 1483 680 1556 est,
707 1497 773 1543 non
795 1485 922 1543 temere
950 1486 983 1544 et
1001 1477 1157 1545 inutiliter

54 1579 188 1647 adiecta
206 1585 282 1646 sunt
299 1577 405 1645 verba
420 1576 496 1663 illa,
518 1577 583 1645 alia
595 1599 726 1644 rursum
746 1577 889 1646 offensio
904 1589 955 1647 cst
974 1581 1008 1646 in
1028 1579 1156 1671 duplici

54 1681 246 1774 negatione.
298 1678 383 1765 Quis
413 1681 501 1747 eninr
532 1681 579 1747 sic
605 1680 718 1771 potius
749 1681 858 1767 dicat,
891 1703 1063 1751 numeras
1088 1683 1157 1751 iste
1242 1758 1249 1772 ⁴

55 1787 258 1878 triquetram
275 1792 349 1870 est,
369 1805 487 1876 nepae
502 1782 757 1853 adnumeratis
773 1805 887 1878 neque
907 1785 1048 1854 relictis
1070 1807 1156 1853 oae-

56 1888 146 1958 teris
164 1886 304 1975 tauris,
331 1909 433 1977 qnam
453 1895 490 1955 et
516 1887 771 1958 adnumeratis
799 1898 836 1959 et
856 1885 1025 1958 relictis?
1057 1888 1156 1973 Quae

54 2014 160 2083 quum
174 1991 222 2058 ita
238 1991 318 2076 sint,
344 2012 412 2058 non
429 1988 579 2058 dubitavi
598 1991 744 2059 scribere
768 1993 842 2064 εἴτε
858 1986 1064 2086 προςόντων
1085 1988 1155 2064 a’t-

54 2088 217 2189 λοχρόων
232 2086 386 2186 ταύρων,
414 2088 484 2165 εἴτ’
503 2095 795 2185 ἐπιλειπομένων.
847 2094 900 2162 [la
920 2117 1001 2162 vero
1020 2118 1060 2163 re
1081 2118 1146 2186 pa·
1158 2107 1204 2174 11

54 2207 101 2266 tet
120 2197 223 2265 totius
240 2196 459 2288 problemata
473 2196 572 2264 aliam
595 2218 668 2264 esse
682 2197 846 2266 rationem
853 2189 865 2282 ‚'
890 2220 992 2288 quam
1012 2199 1082 2266 visa
1105 2207 1156 2266 est

44 2298 304 2392 interpretibus.
357 2299 474 2388 ltaque
495 2308 533 2368 ut
557 2294 924 2393 paucis'complectam
957 2301 1025 2368 hoc
1052 2302 1157 2370 voluit

54 2403 295 2472 Archimedest
322 2403 515 2470 coniunctos
531 2425 656 2495 greges
670 2404 826 2471 alborum
843 2413 878 2472 et
892 2405 1066 2495 nigrorum
1080 2414 1158 2472 tan·

45 2529 170 2583 ⁴rorum
193 2506 360 2598 praebere
383 2528 558 2572 numerum
579 2504 800 2594 quadratum,
832 2506 924 2574 cuius
949 2507 1081 2597 singula
1106 2508 1157 2573 la-

55 2621 128 2679 tera
150 2631 193 2677 ex
212 2609 373 2700 laterculo
390 2608 482 2675 facta
497 2608 577 2688 sint3
602 2607 781 2675 badiorum
801 2617 913 2675 autem
936 2617 970 2675 et
989 2609 1158 2676 variorum

55 2723 229 2781 teutonum
247 2713 439 2779 coniunctos
457 2734 582 2804 greges
604 2710 741 2779 efficere
755 2735 932 2779 numerum
950 2712 1158 2801 triquetrum,

56 2818 125 2885 sive
141 2814 305 2884 accedant
321 2814 364 2882 ad
379 2837 437 2882 eos
452 2815 518 2883 albi
536 2823 571 2882 et
585 2814 674 2906 nigri
692 2815 786 2898 tauri,
814 2816 882 2884 sive
898 2839 967 2883 non
983 2816 1157 2885 accedant.

21 2927 23 2930 ’
55 2921 171 3008 Atque
189 2926 226 2985 nt
246 2918 333 2985 haec
357 2918 443 2985 notis
466 2918 545 3002 illis,
573 2917 694 3006 quibus
719 2941 821 3009 supra
841 2941 920 2986 usus
944 2942 1037 3003 sum,
1064 2920 1158 2988 brevi

56 3031 241 3114 conspectu
257 3019 555 3112 comprehendam,
574 3019 741 3110 posterior
752 3043 832 3111 pars
839 3021 1057 3112 problematis
1070 3021 1159 3090 banc

56 3127 223 3193 rationem
235 3124 355 3193 habet:

108 3279 159 3351 A.
186 3305 219 3348 τ.
245 3285 282 3357 ·l-
308 3277 363 3349 M.
389 3303 424 3349 τ.
450 3300 503 3344 ::
528 3269 602 3364 (a2.
631 3268 815 3365 (ιι-ω)2
841 3299 894 3342 -.-.
920 3270 1061 3347 3828Χ.

109 3451 225 3518 aas.
254 3455 291 3527 ÷
316 3445 360 3521 :a
386 3475 420 3518 τ.
446 3471 499 3527 =
525 3400 669 3560 Ψξ-Ῑ)
696 3471 750 3514 .-,-
775 3441 915 3511 nsrrx.

109 3615 368 3696 Στ.τ.-Ι-Ξ.τ.
386 3589 681 3697 -1-Λ.τ.-Ι-Μτ.
697 3641 750 3685 =
771 3568 924 3668 Q
945 3641 999 3685 ε..-
1023 3584 1184 3685 629911*

838 3678 856 3730 2

57 3837 156 3929 Ergo
172 3792 327 3951 ἆ-ς-ἒΪ-Ῑ)
347 3875 399 3887 -
421 3792 566 3953 ῳ
588 3863 640 3907 =
656 3832 724 3928 (αἳ.
743 3831 935 3927 (a—b))².
963 3837 1058 3904 Haec
1072 3861 1161 3926 quo-

59 3974 164 4042 modo
175 3975 420 4065 computaverit
428 3973 661 4061 Archimedes,
677 3973 919 4042 mathematicis
932 3975 1161 4063 quaerendum
1178 4032 1190 4051 „

58 4079 287 4167 relinquimus.
339 4076 492 4147 Viderint
503 4080 566 4164 illi,
594 4101 714 4146 casune
730 4077 930 4158 faetumsit,
956 4079 1160 4164 anconsilio‚

58 4189 111 4267 nt,
138 4182 197 4271 qui
212 4202 368 4249 numerus
386 4201 450 4272 pro
467 4183 620 4272 quadrati
634 4182 800 4249 elemento
815 4180 944 4270 positus
960 4189 1020 4267 est,
1048 4181 1159 4267 3828,

60 4317 239 4409 triquetras
252 4318 294 4386 sit
314 4275 430 4433 ἷξε-ἓ.
483 4317 631 4388 Credam
652 4340 719 4410 ego
740 4317 896 4413 quidem,
922 4285 1163 4386 Archimedem
