2842 4920
209 373 273 436 sto
337 347 1184 438 osssscnici-enonssnsosoivso

49 523 51 531 Ι
131 630 134 634 ,
209 584 336 652 nosque
349 549 501 630 losifsto
514 559 715 652 expendisse
731 583 899 653 supremo.
943 563 1029 633 Has
1048 564 1320 661 igiturpoenas

205 667 370 759 pendens
387 663 529 760 afflatus
543 665 597 733 ad
618 663 826 734 Caucasum
839 665 932 734 haec
952 667 1045 737 dicit
1056 691 1071 738 ε’
1125 717 1127 722 ·
1239 729 1243 736 .

261 854 264 859 ·
290 817 460 888 iitanum
475 815 632 905 suboles,
655 815 757 887 socia
770 818 889 886 nostri
905 820 1117 914 sanguinis,

285 932 471 1016 generata
487 923 607 1007 caelo,
635 921 817 1017 adspicite
833 920 1036 1014 religatam
1052 922 1205 1019 asperis

285 1026 512 1118 vinctumque
529 1025 650 1112 saxis,
676 1047 807 1093 navem
817 1032 857 1094 ut
873 1025 1068 1099 horrisono
1076 1029 1186 1124 freto

206 1143 209 1161 ⁸
232 1150 235 1156 ·
285 1139 428 1199 noctem
440 1139 619 1222 paventes
635 1128 755 1198 timidi
772 1128 975 1200 adnectunt
990 1135 1147 1203 navitae.

234 1229 259 1301 5
286 1231 489 1303 Saturnius
506 1256 563 1302 me
580 1233 634 1303 sic
653 1230 774 1328 infinit
791 1231 981 1324 Iuppiter,

179 1377 182 1384 ·
286 1335 454 1428 Iovisque
466 1359 596 1405 numen
611 1332 787 1406 Mulcibri
799 1335 934 1405 arcivit
953 1360 1095 1408 manus.

285 1439 351 1511 hos
364 1441 426 1508 ille
439 1436 731 1535 cuneossalrica
746 1439 891 1508 crudeli
906 1441 1071 1511 inserens

277 1544 450 1638 perrupit
471 1552 598 1613 artus.-
622 1567 695 1636 qua
710 1542 822 1611 miser
837 1543 1008 1615 sollertia
1077 1591 1082 1599 ι

285 1643 609 1717 transverberatus
626 1656 792 1716 castrum
805 1646 875 1715 hoc
893 1646 1095 1720 Furiarum
1112 1647 1242 1719 incolo.

210 1748 258 1818 10
283 1749 359 1819 iam
373 1751 481 1821 tertio
502 1772 559 1820 me
575 1748 870 1843 quoquesunesto
887 1750 946 1821 die
1199 1744 1203 1753 ’
1295 1744 1308 1773 ’“’

283 1855 383 1924 tristi
399 1855 579 1924 advolatu
597 1855 753 1938 aduncis
770 1852 947 1923 lacerans
963 1852 1147 1948 anguibus
1189 1864 1193 1871 '

281 1950 380 2027 Iovis
395 1958 544 2030 satelles
553 1967 670 2050 pasta
686 1956 848 2026 dilaniat
853 1954 955 2049 sero.

283 2071 358 2131 tum
372 2062 494 2129 iecore
508 2062 624 2153 opimo
631 2059 751 2154 sarta
766 2069 802 2129 et
816 2060 960 2130 satiata
979 2056 1129 2155 affatim

283 2165 501 2256 clangorem
503 2162 637 2257 suadit
653 2173 814 2247 vastum,
842 2172 877 2231 et
892 2161 1044 2231 sublime
1059 2163 1215 2233 avolans
1233 2253 1235 2256 y

205 2261 255 2332 15
275 2266 435 2361 pinnata
449 2267 575 2338 cauda
587 2275 755 2335 nostrum
769 2265 903 2333 adulat
917 2266 1147 2358 sanguineus.

281 2392 390 2463 quum
405 2392 492 2439 vero
507 2369 663 2437 adesum
678 2367 811 2464 inflatu
827 2378 1040 2438 renovatum
1058 2369 1248 2465 eutecio,

261 2539 264 2547 .
280 2483 356 2544 tum
369 2482 632 2544 rursustetros
650 2473 766 2543 avida
784 2495 823 2541 se
839 2474 892 2541 ad
902 2481 1039 2565 pastus
1053 2472 1182 2566 refert.

278 2578 333 2648 sio
347 2578 446 2648 hano
461 2579 650 2647 custodem
664 2577 798 2646 maesti
815 2577 1001 2644 cruciatus
1020 2577 1099 2664 alo,
1213 2576 1216 2583 '

279 2705 373 2774 quae
389 2705 446 2750 me
452 2683 608 2774 perenni
618 2680 881 2772 vivumsoedat
895 2678 1054 2749 miseria.

202 2779 252 2849 20
277 2807 451 2876 namque,
479 2793 519 2859 ut
532 2784 680 2869 videtis,
706 2783 835 2852 vinciis
851 2782 1072 2851 constrictus
1088 2780 1189 2850 Iovis

115 2890 117 2894 '
202 2919 205 2923 ·
278 2911 412 2957 arcere
430 2909 566 2980 nequeo
580 2888 706 2957 diram
720 2888 905 2955 volucrem
925 2910 949 2952 a
956 2895 1121 2979 pectore.

278 2993 332 3062 sic
346 3015 403 3062 mc
419 2993 497 3086 ipse
509 2992 640 3063 viduus
650 2991 768 3084 pestis
784 2989 923 3082 excipio
937 2989 1090 3076 anxias,

148 3095 200 3165 19
278 3119 405 3166 amore
418 3097 547 3166 mortis
564 3095 756 3165 terminum
770 3094 968 3185 acquirens
981 3093 1090 3160 mali:

207 3220 213 3235 ³
275 3202 344 3269 sed
358 3202 470 3293 longe
485 3224 510 3268 a
525 3200 595 3267 leto
609 3198 753 3266 numine
769 3197 932 3289 aspellor
945 3195 1054 3268 Iovis.
1079 3194 1083 3205 “

199 3296 249 3368 25
276 3313 387 3394 atque
400 3304 494 3371 haec
509 3310 653 3370 vetusta
667 3301 775 3369 seclis
790 3300 1003 3392 glomerata
1018 3296 1188 3369 horridis

274 3405 441 3501 luctifica
456 3406 585 3475 clades
600 3414 727 3472 nostro
742 3401 861 3498 infixa
879 3412 935 3471 est
950 3401 1120 3494 corpori,

272 3530 292 3577 e
310 3531 378 3600 quo
393 3509 562 3600 liquatae
578 3507 666 3576 solis
685 3508 825 3575 ardore
842 3506 1016 3573 excidunt

271 3621 427 3704 guttae,
455 3635 548 3704 quae
564 3599 661 3680 saxa
677 3610 826 3680 assidue
844 3609 1027 3678 instillant
1046 3603 1220 3678 Caucasi.

124 3848 130 3862 ἢ
194 3767 228 3834 Α
241 3789 277 3835 se
297 3767 373 3859 ipso
389 3765 477 3834 haec
497 3789 594 3832 versa
611 3787 684 3832 esse
700 3763 843 3833 ostendit
858 3762 974 3853 paullo
989 3768 1087 3852 post,
1112 3779 1217 3849 quum
1237 3755 1294 3823 in-

193 3870 387 3961 terroganti,
408 3870 551 3938 interea
564 3865 736 3936 unde'isti
748 3862 906 3938 versus?
924 3887 995 3933 non
1010 3863 1102 3933 enim
1115 3881 1294 3954 agnosco,

193 3972 394 4062 respondet:
428 3974 555 4042 dicam
579 3972 720 4040 hercle.-
754 3971 883 4047 etenim
904 3977 1004 4038 recte
1028 3965 1206 4058 requiris:
1239 3961 1293 4030 ai-

193 4074 305 4143 desne
319 4073 512 4145 abundare
524 4098 581 4144 me
599 4076 690 4144 otio:
717 4088 751 4143 et
764 4075 843 4163 slis,
871 4096 959 4162 quae
975 4057 1197 4161 suspectant.
1228 4067 1292 4135 At-

191 4200 258 4268 que
275 4188 312 4246 ut
329 4167 500 4262 Ciceronis
516 4180 704 4247 Priscianus
719 4179 762 4248 X.
777 4201 811 4269 p.
825 4176 913 4250 907.
929 4173 1143 4244 affertverba
1157 4195 1178 4239 e
1192 4167 1292 4241 uls.

178 4291 267 4351 ‘tam
280 4281 400 4351 iecore
416 4282 533 4374 opimo
541 4280 662 4375 sarta
678 4289 713 4350 et
728 4281 882 4351 satiata.
935 4277 1007 4347 Sed
1023 4276 1172 4361 Nonius,
1200 4273 1291 4341 cuius

190 4387 282 4455 nullo
301 4395 353 4455 eet
366 4385 411 4454 sd
431 4384 505 4454 illos
526 4394 627 4456 testes
645 4386 841 4470 auctoritas,
866 4384 902 4451 in
916 4405 947 4450 v.
964 4378 1145 4451 adulatio.
1172 4401 1208 4470 p.
1231 4374 1291 4462 lt,
