2842 4920
195 378 258 441 182
537 370 609 430 ‚DE
637 368 913 432 PloTlchA
935 365 979 434 do

300 563 380 632 Non
396 559 514 629 dubito
535 560 616 650 quio
637 558 739 627 ctiam
761 559 987 628 coniunctims
1005 578 1083 626 cum
1102 558 1148 633 ἂν
1169 562 1313 632 coniun-

199 674 272 736 ctus
291 666 327 733 in
343 666 481 756 obliqua
502 664 653 732 oratione
670 663 705 731 in
725 663 926 731 infinitivum
950 662 1100 730 converti
1122 667 1250 754 possit,
1277 677 1315 736 ut

199 765 292 844 ὅταν
311 769 350 844 dd
365 770 539 866 γενέσθαι
554 766 671 838 ταῦτα
680 819 695 854 ,
722 759 810 837 τότε
823 759 1008 859 ποιήσειν,
1034 766 1096 834 etsi
1110 790 1180 835 non
1199 769 1314 839 habeo

201 873 396 965 exemplum
421 873 649 963 inpromptu
701 867 772 937 Sed
797 869 882 936 illud
910 876 1022 959 patet,
1055 890 1132 938 eam
1159 884 1315 942 constru-

201 979 347 1046 ctionem
362 997 431 1044 non
445 995 548 1066 posse
569 973 718 1058 ferri,
694 996 722 1040 σι
740 973 883 1041 verbum
898 970 993 1061 quod
1003 972 1200 1043 infinitivum
1214 979 1315 1099 regit,

200 1082 311 1174 ipsum
334 1102 375 1147 ex
397 1079 454 1145 illa
476 1099 561 1145 voce
586 1075 800 1144 conditionali
822 1075 968 1168 pendet,
995 1076 1103 1164 qualis
1121 1088 1172 1146 est
1196 1078 1291 1147 hic
1280 1104 1317 1150 m

199 1185 371 1307 plerisque
387 1180 487 1250 codd.
509 1178 746 1248 Demosthenis
764 1179 859 1247 locus
883 1201 919 1270 p
941 1173 1004 1262 95,
1024 1177 1134 1247 24.’
1104 1208 1135 1250 ει
1157 1176 1228 1278 γοίρ
1248 1181 1317 1282 ἤδη

202 1283 385 1382 τοσαύτην
408 1281 571 1366 ἐξουσίαν
589 1287 666 1362 τοῖς
688 1281 886 1356 αἰτιᾶσθαι
909 1308 970 1353 και
961 1276 1199 1376 διαβάλλειν
1219 1292 1316 1378 βου-

203 1390 369 1510 λομένσις
385 1385 524 1464 δίδοτε,
553 1383 639 1466 aicae
665 1412 725 1457 και
716 1380 869 1478 περί
840 1412 889 1455 ων
912 1381 959 1456 ἄν
976 1410 1069 1506 φασι
1085 1388 1229 1478 μέλλειν
1250 1386 1317 1462 αύ-

202 1485 270 1564 τδν
291 1518 432 1578 ποιειν,
460 1486 519 1562 καί
534 1485 616 1583 περί
631 1482 773 1561 τούτων
790 1480 1163 1584 προκατηγορούντων
1181 1518 1316 1586 ακροα-

204 1602 294 1672 σθε,
319 1593 358 1665 τί
374 1591 420 1665 ἄν
437 1619 493 1673 τις
508 1593 628 1683 λίνοις
652 1599 813 1679 recteque
835 1598 919 1683 puto
939 1591 1162 1660 Schaelerum
1178 1603 1212 1662 et
1228 1618 1317 1686 pro-

204 1696 306 1780 bare,
334 1694 429 1787 quod
450 1694 630 1763 Bekkerus
656 1692 817 1763 omisit*
792 1721 859 1782 αν,
887 1703 922 1761 et
944 1693 1058 1763 dicere
1078 1705 1210 1765 servato
1231 1700 1317 1767 seri-

203 1800 353 1871 bendum
369 1822 442 1868 esse
459 1797 585 1892 φύσιν.

732 1999 790 2068 lll.

397 2139 472 2208 De
505 2138 568 2211 οἳν
603 2159 715 2206 com
745 2137 1086 2231 participio.

304 2273 438 2342 Eadem
451 2274 573 2360 omnia,
598 2295 687 2365 quae
702 2273 746 2340 de
758 2272 919 2342 infinitivo
934 2274 1025 2343 dicta
1040 2283 1127 2361 sunt,
1147 2277 1320 2364 quadrant

203 2378 304 2448 etiam
321 2379 355 2446 iu
367 2376 598 2470 participium,
624 2377 679 2444 cui
692 2375 811 2444 iisdem
824 2398 963 2469 prorsus
980 2378 1224 2447 conditionibus
1239 2383 1319 2451 iun-

205 2483 295 2576 gitur
319 2479 376 2557 ἄν.
429 2481 519 2549 Nam
543 2480 658 2553 ποιων
681 2478 727 2552 ἂν
748 2488 798 2548 est
823 2481 878 2548 vel
896 2479 935 2561 δς
954 2481 1069 2554 ἐποίει
1095 2479 1161 2570 ἄν,
1197 2486 1254 2552 vel
1280 2485 1320 2566 ὃς

206 2590 311 2659 ποιοῖ
322 2583 368 2658 ἄν
376 2639 388 2673 ,
414 2584 478 2652 uisi
491 2583 605 2674 quod,
631 2591 668 2652 ut
684 2583 861 2675 multiplex
883 2592 932 2651 est
944 2586 1113 2677 participii
1127 2607 1222 2672 usus,
1249 2611 1319 2657 nou

134 2756 137 2765 ,
206 2690 333 2777 ubique
351 2684 400 2777 ὅς,
427 2686 487 2755 sed
506 2685 583 2774 ὅτε,
612 2688 658 2774 εἰ,
677 2684 752 2764 ὅτι,
779 2687 929 2776 aliasque
944 2690 1126 2777 particulas
1140 2689 1317 2782 adhibere,

205 2793 260 2861 vel
282 2792 384 2860 etiam
405 2790 622 2883 participium
645 2789 840 2879 simpliciter
858 2791 892 2857 iu
916 2793 1059 2859 verbum
1085 2793 1218 2861 linitum
1239 2818 1319 2864 cum

206 2892 252 2967 ἄν
267 2896 522 2985 solverepotes.
550 2892 596 2960 Vt
610 2891 704 2985 apud
718 2892 946 2984 Aeschylum,
974 2894 1132 2989 Ohoeph.
1147 2895 1233 2965 346.

372 3022 526 3103 λιπων
500 3057 547 3103 αν
564 3027 762 3102 εικλειαν
744 3055 783 3103 εν
797 3022 985 3125 δόμοισιν,

372 3135 504 3208 τέκνων
520 3159 562 3206 τε
578 3124 765 3212 κελεύθοις

372 3236 611 3331 ἐπίστρεπτον
627 3234 741 3306 αἰωνα
759 3231 881 3314 κτίσας

371 3332 645 3426 πολύχωστον
620 3364 666 3408 αν
685 3332 775 3426 εἶχες

373 3434 494 3532 τάφον
510 3436 724 3511 διαποντίου
739 3438 811 3530 μοῖς.

204 3587 232 3660 l.
244 3610 272 3656 e.
286 3587 464 3671 ἔλιπεςᾶν.
481 3591 657 3662 Demosth.
666 3589 753 3658 Phil.
763 3591 789 3658 1.
797 3590 903 3714 princ
914 3591 1147 3683 etmprooem
1155 3616 1191 3685 p
1203 3593 1317 3666 1418.

207 3693 243 3761 εἰ
253 3691 321 3782 μὲν
336 3720 406 3811 ηαρ
421 3694 505 3790 περὶ
526 3694 655 3766 καινοῦ
671 3719 770 3773 τινος
787 3686 1002 3814 πράγματος
1019 3691 1319 3789 προύτίθετο,σί

208 3790 336 3889 ἄνδρες
348 3792 558 3894 Αθηναῖοι,
571 3799 696 3890 λέγειν,
726 3789 880 3886 ἑπισχοίν
891 3824 936 3868 αν
944 3801 1006 3878 εως
1019 3824 1053 3869 οι
1046 3802 1297 3873 ‘ciuicam‘
1242 3829 1319 3875 των

207 3890 394 3970 εἰωθότων
422 3895 566 4023 γηοίμην
594 3892 848 3992 απεφήναντο,
884 3901 920 3972 εἰ
945 3899 1014 3991 μὲν
1039 3898 1169 3997 η”ρεσκί
1189 3902 1230 3975 τί
1251 3933 1320 3996 μοι

207 3996 280 4068 τοῖν
298 4026 368 4071 οπο
388 3997 530 4075 τούτων
551 4004 757 4101 ῥηθέντων,
788 3999 940 4096 ησαχίαν
958 4030 1004 4074 αν
1023 4030 1122 4098 ηγον.
1176 4006 1320 4099 Sopho-

208 4098 378 4170 clesOed.
391 4105 437 4176 R.
452 4102 538 4174 523

311 4250 395 4328 οἷλλ
410 4252 504 4351 ηλθε
517 4258 586 4351 μὲν
602 4252 646 4352 δη
664 4258 775 4330 τούτο
790 4255 973 4338 τοῦνειδος
986 4251 1072 4346 τίχ’
1091 4257 1136 4331 οἲν

316 4354 405 4457 ὀργῇ
424 4361 581 4454 βιασθὲν
597 4361 737 4453 μᾶλλον
751 4353 909 4458 ἤηνοίμη
924 4360 1075 4457 φρονεῖν.
