2842 4920
284 364 434 428 small
459 358 611 426 APERTA
628 363 784 426 OPERTA
801 365 859 426 ΔΡ.
873 364 1118 435 lascurtvtl:
1191 377 1258 443 28⁹6

151 559 204 628 lle
235 558 322 626 miro
347 555 407 623 illo
432 552 539 622 verbo
571 548 798 655 παμπρόσθη
831 566 866 625 et
891 556 1082 630 dubitatum
1114 572 1166 631 est
1190 586 1254 633 ns-

149 685 217 753 que
234 660 367 746 adhuc,
394 665 429 726 et
443 657 583 725 fortasse
608 657 753 749 posthac
775 658 992 734 dubitabitur.
1032 663 1104 734 Sed
1118 675 1255 758 postre-

148 790 206 835 ma
231 785 372 856 quoque
403 769 520 854 aperte
553 760 671 829 vitiosa
704 772 802 851 sunt,
844 786 933 852 quae
966 789 1035 835 non
1068 780 1256 864 congruant

150 892 228 938 cam
255 865 402 936 numeris
429 861 625 956 strophicis:

360 1019 547 1095 ιιέλσαυτες
572 1009 777 1107 Σιμόεντος
803 1014 851 1088 οἱ-

256 1175 261 1183 (
359 1147 445 1200 ιιτας
471 1113 530 1192 ἐπ’
557 1112 790 1211 ἀεξιφύλλους

361 1218 414 1295 δι’
438 1223 516 1315 έριν
542 1215 803 1313 αἱματόεσσαν.

152 1377 247 1465 Quid
262 1373 504 1443 Humboldtius
524 1372 689 1441 vertendo
715 1377 946 1465 expressisset,
978 1376 1099 1444 mirum
1122 1366 1255 1448 estnon

152 1505 226 1553 esse
240 1480 455 1549 intellectum.
507 1476 682 1568 Expressit
703 1476 777 1560 ille,
804 1477 898 1568 quod
919 1501 1010 1546 ame
1033 1479 1063 1546 ei
1080 1502 1256 1551 commen-

152 1587 268 1655 datum
284 1590 350 1668 est,
375 1604 445 1650 non
462 1589 575 1648 autem
590 1579 624 1646 in
638 1579 906 1649 adnotationibus
922 1580 966 1648 ad
984 1583 1053 1648 eius
1068 1585 1256 1652 versionem

151 1689 359 1765 adnotatum.
394 1686 483 1754 Nam
499 1682 558 1751 etsi
575 1705 663 1772 quae
679 1683 903 1775 praecedunt,
929 1683 1033 1752 hodie
1050 1685 1154 1754 lenius
1170 1699 1256 1778 puto

152 1789 278 1882 corrigi
298 1809 419 1880 posse,
452 1795 565 1854 tamen
586 1796 759 1877 postrema
783 1785 956 1876 quomodo
979 1788 1157 1856 scribenda
1180 1791 1256 1872 sint,

152 1894 227 1986 qais
245 1889 362 1959 credat
379 1911 584 1982 quemquam
603 1890 753 1979 potuisse
768 1889 908 1982 fugere,
932 1891 1131 1982 praesertim
1152 1915 1257 1983 quum

152 1996 352 2068 scholiastae
385 1993 577 2078 adnotatio,
623 1992 738 2064 cicino
769 1986 1001 2090 πολύθρηνον
1031 1993 1091 2066 ιιαλ
1126 1996 1259 2087 μέλεον

152 2100 247 2192 αἷμα
280 2092 491 2185 ἀνατλᾶσα,
533 2093 625 2171 huno
659 2117 728 2162 non
759 2093 917 2166 habuisse
950 2093 1047 2192 α’μφλ
1087 2099 1244 2168 ostendat

152 2200 345 2294 scripserat
364 2198 572 2291 Aeschylus:

358 2344 702 2446 μεταμανθάνουσα
729 2346 766 2420 δ’
784 2349 899 2439 ὕμνον

362 2448 539 2551 Πριύμου
564 2445 667 2530 πόλις
690 2446 825 2543 γεραιέ

359 2550 595 2651 πολύθρηνον
619 2554 714 2645 μέγα
740 2545 812 2624 πού
838 2553 973 2630 στένει,
1000 2547 1205 2641 κικλήσκου·

361 2687 408 2732 σα
432 2651 556 2754 Πύριν
582 2648 649 2728 τόν
679 2647 912 2750 αἰνόλεκτρον

359 2754 600 2857 πόμπροσθ’,
633 2752 658 2854 ἦ
682 2750 914 2857 πολύθρηνον
940 2758 995 2828 αἰ-

360 2865 452 2951 eva,
478 2861 585 2958 φίλον
610 2859 766 2933 πολιτᾶν

357 2969 489 3061 μέλεον
515 2958 599 3058 αἷμ’
619 2957 820 3036 οἷνατλᾶσα.

135 3119 225 3195 sed
251 3120 359 3188 nullus
387 3118 554 3188 editorum
578 3113 670 3184 vidit.

591 3327 739 3336 .—-—-----—-
758 3327 798 3333 ..—

673 3507 715 3576 V.

256 3663 296 3731 In
338 3661 553 3756 Choephoris
593 3658 731 3728 Electra
778 3655 951 3749 quomodo
990 3652 1256 3744 Clytaemnestra

153 3766 445 3860 Agamemnonem
462 3763 685 3850 interfecerit,
710 3762 762 3832 his
777 3763 889 3831 verbis
906 3755 1043 3851 exponit
1060 3778 1089 3828 v.
1105 3754 1194 3827 421.

309 3938 419 4032 ένοψι
444 3928 590 4029 ιιομμύν
609 3931 784 4031 Ἀρειον,
811 3934 885 4008 εἴτι
909 3922 1065 4008 Κισσίας

308 4034 456 4132 νόμοισι
482 4035 741 4134 πολεμιστρέας

309 4132 670 4238 α’πριγντοιπληντοῖ
695 4129 949 4228 πολύπλαμιτα
976 4125 1012 4201 δ’
1038 4124 1084 4227 ἤν
1110 4132 1198 4204 ἰδεῖν
1321 4172 1322 4176 =

309 4239 647 4340 ἐπασσυτεροτριβῆ
671 4234 720 4315 τύ
745 4230 849 4335 χορός
875 4231 1073 4333 ὀρέγματα.

204 4381 326 4453 Hnnnr.
354 4379 421 4451 ΟΡ.
446 4380 504 4449 lv.
1018 4369 1049 4436 Y
