<?xml version="1.0" encoding="UTF-8"?>
<!DOCTYPE html PUBLIC "-//W3C//DTD XHTML 1.0 Transitional//EN"
    "http://www.w3.org/TR/xhtml1/DTD/xhtml1-transitional.dtd">
<html xmlns="http://www.w3.org/1999/xhtml" xml:lang="en" lang="en">
 <head>
  <title>
</title>
<meta http-equiv="Content-Type" content="text/html;charset=utf-8" />
  <meta name='ocr-system' content='tesseract 3.04.00' />
  <meta name='ocr-capabilities' content='ocr_page ocr_carea ocr_par ocr_line ocrx_word'/>
</head>
<body>
  <div class='ocr_page' id='page_1' title='image "./opuscula00hermgoog_0097.png"; bbox 0 0 2842 4920; ppageno 0'>
   <div class='ocr_carea' id='block_1_1' title="bbox 548 347 1281 426">
    <p class='ocr_par' dir='ltr' id='par_1_1' title="bbox 548 347 1281 426">
     <span class='ocr_line' id='line_1_1' title="bbox 548 347 1281 426; baseline 0.016 -20"><span class='ocrx_word' id='word_1_1' title='bbox 548 347 636 410; x_wconf 77' lang='lat' dir='ltr'><strong>utu.</strong></span> <span class='ocrx_word' id='word_1_2' title='bbox 656 347 695 412; x_wconf 84' lang='lat' dir='ltr'><strong>ll.</strong></span> <span class='ocrx_word' id='word_1_3' title='bbox 739 350 838 413; x_wconf 70' lang='lat' dir='ltr'><strong>CAP.</strong></span> <span class='ocrx_word' id='word_1_4' title='bbox 862 352 893 416; x_wconf 73' lang='lat'><strong>8·</strong></span> <span class='ocrx_word' id='word_1_5' title='bbox 1236 361 1281 426; x_wconf 73' lang='grc'><strong>83</strong></span> 
     </span>
    </p>
   </div>
   <div class='ocr_carea' id='block_1_2' title="bbox 168 532 1279 633">
    <p class='ocr_par' dir='ltr' id='par_1_2' title="bbox 168 532 1279 633">
     <span class='ocr_line' id='line_1_2' title="bbox 168 532 1279 633; baseline 0.016 -32"><span class='ocrx_word' id='word_1_6' title='bbox 168 542 202 602; x_wconf 90' lang='lat' dir='ltr'><strong>ut</strong></span> <span class='ocrx_word' id='word_1_7' title='bbox 219 533 391 626; x_wconf 83' lang='lat' dir='ltr'><strong>legitimus</strong></span> <span class='ocrx_word' id='word_1_8' title='bbox 410 532 608 629; x_wconf 81' lang='lat' dir='ltr'><strong>obtinuerit,</strong></span> <span class='ocrx_word' id='word_1_9' title='bbox 633 559 702 608; x_wconf 89' lang='lat' dir='ltr'><strong>nou</strong></span> <span class='ocrx_word' id='word_1_10' title='bbox 724 562 811 633; x_wconf 87' lang='lat' dir='ltr'><strong>opus</strong></span> <span class='ocrx_word' id='word_1_11' title='bbox 830 541 921 608; x_wconf 88' lang='lat' dir='ltr'><strong>foret</strong></span> <span class='ocrx_word' id='word_1_12' title='bbox 937 539 1063 630; x_wconf 88' lang='lat' dir='ltr'><strong>aliquid</strong></span> <span class='ocrx_word' id='word_1_13' title='bbox 1086 542 1131 613; x_wconf 93' lang='lat' dir='ltr'><strong>de</strong></span> <span class='ocrx_word' id='word_1_14' title='bbox 1151 568 1195 615; x_wconf 90' lang='lat' dir='ltr'><strong>eo</strong></span> <span class='ocrx_word' id='word_1_15' title='bbox 1214 547 1279 618; x_wconf 85' lang='lat' dir='ltr'><strong>ad·</strong></span> 
     </span>
    </p>
   </div>
   <div class='ocr_carea' id='block_1_3' title="bbox 167 637 1397 736">
    <p class='ocr_par' dir='ltr' id='par_1_3' title="bbox 167 637 1397 736">
     <span class='ocr_line' id='line_1_3' title="bbox 167 637 1397 736; baseline 0.016 -32"><span class='ocrx_word' id='word_1_16' title='bbox 167 639 284 724; x_wconf 87' lang='lat' dir='ltr'><strong>iicere,</strong></span> <span class='ocrx_word' id='word_1_17' title='bbox 310 637 372 705; x_wconf 85' lang='lat' dir='ltr'><strong>uisi</strong></span> <span class='ocrx_word' id='word_1_18' title='bbox 391 638 426 705; x_wconf 92' lang='lat' dir='ltr'><strong>iu</strong></span> <span class='ocrx_word' id='word_1_19' title='bbox 445 639 574 729; x_wconf 82' lang='lat' dir='ltr'><strong>aliquot</strong></span> <span class='ocrx_word' id='word_1_20' title='bbox 589 641 671 711; x_wconf 87' lang='lat' dir='ltr'><strong>locis</strong></span> <span class='ocrx_word' id='word_1_21' title='bbox 694 643 837 714; x_wconf 83' lang='lat' dir='ltr'>Homeri</span> <span class='ocrx_word' id='word_1_22' title='bbox 860 643 1035 736; x_wconf 84' lang='lat' dir='ltr'><strong>singularis</strong></span> <span class='ocrx_word' id='word_1_23' title='bbox 1052 649 1223 736; x_wconf 80' lang='lat' dir='ltr'><strong>quaedam</strong></span> <span class='ocrx_word' id='word_1_24' title='bbox 1243 662 1278 721; x_wconf 90' lang='lat' dir='ltr'><strong>et</strong></span> <span class='ocrx_word' id='word_1_25' title='bbox 1394 686 1397 691; x_wconf 60' lang='grc'><strong>’</strong></span> 
     </span>
    </p>
   </div>
   <div class='ocr_carea' id='block_1_4' title="bbox 161 741 1277 1352">
    <p class='ocr_par' dir='ltr' id='par_1_4' title="bbox 161 741 1277 1352">
     <span class='ocr_line' id='line_1_4' title="bbox 166 741 1276 838; baseline 0.014 -29"><span class='ocrx_word' id='word_1_26' title='bbox 166 742 208 809; x_wconf 83' lang='lat' dir='ltr'><strong>al)</strong></span> <span class='ocrx_word' id='word_1_27' title='bbox 227 741 417 811; x_wconf 80' lang='lat' dir='ltr'><strong>recentiore</strong></span> <span class='ocrx_word' id='word_1_28' title='bbox 438 744 679 815; x_wconf 80' lang='lat' dir='ltr'><strong>consuetudine</strong></span> <span class='ocrx_word' id='word_1_29' title='bbox 696 745 827 816; x_wconf 83' lang='lat' dir='ltr'><strong>diversa</strong></span> <span class='ocrx_word' id='word_1_30' title='bbox 845 746 931 813; x_wconf 90' lang='lat' dir='ltr'><strong>ratio</strong></span> <span class='ocrx_word' id='word_1_31' title='bbox 952 745 1276 838; x_wconf 82' lang='lat' dir='ltr'><strong>deprehenderetur.</strong></span> 
     </span>
     <span class='ocr_line' id='line_1_5' title="bbox 164 843 1276 954; baseline 0.015 -44"><span class='ocrx_word' id='word_1_32' title='bbox 164 847 218 914; x_wconf 80' lang='lat' dir='ltr'><strong>Ac</strong></span> <span class='ocrx_word' id='word_1_33' title='bbox 235 843 349 936; x_wconf 88' lang='lat' dir='ltr'><strong>primo</strong></span> <span class='ocrx_word' id='word_1_34' title='bbox 372 846 576 916; x_wconf 69' lang='lat' dir='ltr'><strong>recentiores</strong></span> <span class='ocrx_word' id='word_1_35' title='bbox 595 871 666 916; x_wconf 90' lang='lat' dir='ltr'><strong>non</strong></span> <span class='ocrx_word' id='word_1_36' title='bbox 687 849 801 919; x_wconf 90' lang='lat' dir='ltr'><strong>dicunt</strong></span> <span class='ocrx_word' id='word_1_37' title='bbox 820 850 951 921; x_wconf 83' lang='lat' dir='ltr'><strong>divisim</strong></span> <span class='ocrx_word' id='word_1_38' title='bbox 980 853 1016 922; x_wconf 85' lang='grc' dir='ltr'><strong><em>εἰ</em></strong></span> <span class='ocrx_word' id='word_1_39' title='bbox 1034 849 1099 942; x_wconf 80' lang='grc' dir='ltr'><strong>ἄν,</strong></span> <span class='ocrx_word' id='word_1_40' title='bbox 1134 856 1196 924; x_wconf 90' lang='lat' dir='ltr'><strong>sed</strong></span> <span class='ocrx_word' id='word_1_41' title='bbox 1220 857 1276 954; x_wconf 81' lang='grc' dir='ltr'><strong>ἦν.</strong></span> 
     </span>
     <span class='ocr_line' id='line_1_6' title="bbox 162 948 1277 1046; baseline 0.015 -30"><span class='ocrx_word' id='word_1_42' title='bbox 162 948 263 1039; x_wconf 90' lang='lat' dir='ltr'><strong>Epici</strong></span> <span class='ocrx_word' id='word_1_43' title='bbox 277 957 390 1015; x_wconf 90' lang='lat' dir='ltr'><strong>autem</strong></span> <span class='ocrx_word' id='word_1_44' title='bbox 405 950 476 1021; x_wconf 74' lang='grc' dir='ltr'><strong><em>εἴτε</em></strong></span> <span class='ocrx_word' id='word_1_45' title='bbox 490 952 699 1042; x_wconf 83' lang='lat' dir='ltr'><strong>saepissime,</strong></span> <span class='ocrx_word' id='word_1_46' title='bbox 721 976 867 1046; x_wconf 87' lang='lat' dir='ltr'><strong>proquo</strong></span> <span class='ocrx_word' id='word_1_47' title='bbox 882 951 1062 1022; x_wconf 84' lang='lat' dir='ltr'><strong>Dorienses</strong></span> <span class='ocrx_word' id='word_1_48' title='bbox 1078 958 1163 1030; x_wconf 83' lang='grc' dir='ltr'><strong><em>αἴαα</em></strong></span> <span class='ocrx_word' id='word_1_49' title='bbox 1178 982 1277 1029; x_wconf 77' lang='lat' dir='ltr'><strong>usur-</strong></span> 
     </span>
     <span class='ocr_line' id='line_1_7' title="bbox 161 1052 1276 1155; baseline 0.014 -38"><span class='ocrx_word' id='word_1_50' title='bbox 161 1060 262 1144; x_wconf 87' lang='lat' dir='ltr'><strong>paut3</strong></span> <span class='ocrx_word' id='word_1_51' title='bbox 286 1060 359 1119; x_wconf 91' lang='lat' dir='ltr'><strong>tum</strong></span> <span class='ocrx_word' id='word_1_52' title='bbox 376 1052 477 1120; x_wconf 91' lang='lat' dir='ltr'><strong>etiam</strong></span> <span class='ocrx_word' id='word_1_53' title='bbox 499 1055 534 1125; x_wconf 86' lang='grc' dir='ltr'><strong><em>εἰ</em></strong></span> <span class='ocrx_word' id='word_1_54' title='bbox 547 1052 594 1127; x_wconf 79' lang='grc' dir='ltr'><strong>ἄν</strong></span> <span class='ocrx_word' id='word_1_55' title='bbox 602 1109 616 1144; x_wconf 83' lang='grc'>,</span> <span class='ocrx_word' id='word_1_56' title='bbox 642 1055 704 1124; x_wconf 81' lang='grc' dir='ltr'><strong><em>εει]</em></strong></span> <span class='ocrx_word' id='word_1_57' title='bbox 716 1055 785 1125; x_wconf 92' lang='lat' dir='ltr'><strong>hoc</strong></span> <span class='ocrx_word' id='word_1_58' title='bbox 800 1057 939 1148; x_wconf 89' lang='lat' dir='ltr'><strong>quidem</strong></span> <span class='ocrx_word' id='word_1_59' title='bbox 954 1079 1023 1125; x_wconf 90' lang='lat' dir='ltr'><strong>uon</strong></span> <span class='ocrx_word' id='word_1_60' title='bbox 1039 1059 1102 1126; x_wconf 86' lang='lat' dir='ltr'><strong>nisi</strong></span> <span class='ocrx_word' id='word_1_61' title='bbox 1121 1062 1276 1155; x_wconf 85' lang='lat' dir='ltr'><strong>interpo-</strong></span> 
     </span>
     <span class='ocr_line' id='line_1_8' title="bbox 163 1154 1276 1251; baseline 0.013 -28"><span class='ocrx_word' id='word_1_62' title='bbox 163 1155 224 1223; x_wconf 85' lang='lat' dir='ltr'><strong>sita</strong></span> <span class='ocrx_word' id='word_1_63' title='bbox 237 1154 352 1243; x_wconf 91' lang='lat' dir='ltr'><strong>aliqua</strong></span> <span class='ocrx_word' id='word_1_64' title='bbox 372 1178 477 1239; x_wconf 88' lang='lat' dir='ltr'><strong>voce,</strong></span> <span class='ocrx_word' id='word_1_65' title='bbox 503 1158 598 1246; x_wconf 89' lang='lat' dir='ltr'><strong>quod</strong></span> <span class='ocrx_word' id='word_1_66' title='bbox 612 1159 646 1226; x_wconf 90' lang='lat' dir='ltr'><strong>in</strong></span> <span class='ocrx_word' id='word_1_67' title='bbox 667 1160 839 1251; x_wconf 84' lang='lat' dir='ltr'><strong>particulis</strong></span> <span class='ocrx_word' id='word_1_68' title='bbox 860 1163 898 1235; x_wconf 88' lang='grc' dir='ltr'><strong><em>εί</em></strong></span> <span class='ocrx_word' id='word_1_69' title='bbox 911 1186 951 1233; x_wconf 82' lang='grc' dir='ltr'><strong><em>νε</em></strong></span> <span class='ocrx_word' id='word_1_70' title='bbox 967 1181 1038 1228; x_wconf 92' lang='lat' dir='ltr'><strong>uorr</strong></span> <span class='ocrx_word' id='word_1_71' title='bbox 1053 1168 1276 1236; x_wconf 89' lang='lat' dir='ltr'><strong>necessarium</strong></span> 
     </span>
     <span class='ocr_line' id='line_1_9' title="bbox 163 1256 617 1352; baseline 0.011 -25"><span class='ocrx_word' id='word_1_72' title='bbox 163 1267 221 1328; x_wconf 71' lang='lat' dir='ltr'><strong>est.</strong></span> <span class='ocrx_word' id='word_1_73' title='bbox 246 1256 341 1325; x_wconf 83' lang='lat' dir='ltr'><strong>lllad.</strong></span> <span class='ocrx_word' id='word_1_74' title='bbox 356 1287 388 1352; x_wconf 76' lang='lat' dir='ltr'><strong>y.</strong></span> <span class='ocrx_word' id='word_1_75' title='bbox 409 1257 497 1332; x_wconf 82' lang='grc'><strong>288.</strong></span> <span class='ocrx_word' id='word_1_76' title='bbox 615 1325 617 1332; x_wconf 59' lang='grc'><strong>.</strong></span> 
     </span>
    </p>
   </div>
   <div class='ocr_carea' id='block_1_5' title="bbox 212 1405 1181 1590">
    <p class='ocr_par' dir='ltr' id='par_1_5' title="bbox 212 1405 1181 1590">
     <span class='ocr_line' id='line_1_10' title="bbox 212 1405 1181 1512; baseline 0.008 -28"><span class='ocrx_word' id='word_1_77' title='bbox 212 1412 250 1484; x_wconf 86' lang='grc' dir='ltr'><strong><em>εἰ</em></strong></span> <span class='ocrx_word' id='word_1_78' title='bbox 263 1405 300 1483; x_wconf 78' lang='grc' dir='ltr'><strong>θ’</strong></span> <span class='ocrx_word' id='word_1_79' title='bbox 315 1408 361 1483; x_wconf 80' lang='grc' dir='ltr'><strong>ἂν</strong></span> <span class='ocrx_word' id='word_1_80' title='bbox 376 1408 458 1502; x_wconf 78' lang='grc' dir='ltr'><strong><em>ἐμοὶ</em></strong></span> <span class='ocrx_word' id='word_1_81' title='bbox 471 1406 584 1509; x_wconf 78' lang='grc' dir='ltr'><strong><em>τιμήν</em></strong></span> <span class='ocrx_word' id='word_1_82' title='bbox 599 1410 769 1509; x_wconf 85' lang='grc' dir='ltr'><strong><em>Πρίαμος</em></strong></span> <span class='ocrx_word' id='word_1_83' title='bbox 788 1407 983 1512; x_wconf 86' lang='grc' dir='ltr'><strong><em>Πριαίμοιύ</em></strong></span> <span class='ocrx_word' id='word_1_84' title='bbox 998 1442 1041 1489; x_wconf 88' lang='grc' dir='ltr'><strong><em>τε</em></strong></span> <span class='ocrx_word' id='word_1_85' title='bbox 1056 1422 1181 1503; x_wconf 75' lang='grc' dir='ltr'><strong><em>παῖδες</em></strong></span> 
     </span>
     <span class='ocr_line' id='line_1_11' title="bbox 212 1509 1053 1590; baseline 0.005 -3"><span class='ocrx_word' id='word_1_86' title='bbox 212 1514 330 1587; x_wconf 77' lang='grc' dir='ltr'><strong><em>τίνειν</em></strong></span> <span class='ocrx_word' id='word_1_87' title='bbox 345 1509 410 1586; x_wconf 81' lang='grc' dir='ltr'><strong>σύν</strong></span> <span class='ocrx_word' id='word_1_88' title='bbox 425 1516 609 1590; x_wconf 80' lang='grc' dir='ltr'><strong><em>ἐθέλωσιν.</em></strong></span> <span class='ocrx_word' id='word_1_89' title='bbox 1050 1515 1053 1518; x_wconf 53' lang='grc'><strong>’</strong></span> 
     </span>
    </p>
   </div>
   <div class='ocr_carea' id='block_1_6' title="bbox 160 1666 1274 2274">
    <p class='ocr_par' dir='ltr' id='par_1_6' title="bbox 160 1666 1274 2274">
     <span class='ocr_line' id='line_1_12' title="bbox 161 1666 1274 1766; baseline 0.008 -29"><span class='ocrx_word' id='word_1_90' title='bbox 161 1666 294 1737; x_wconf 82' lang='lat' dir='ltr'><strong>Deinde</strong></span> <span class='ocrx_word' id='word_1_91' title='bbox 314 1689 419 1756; x_wconf 90' lang='lat' dir='ltr'><strong>quum</strong></span> <span class='ocrx_word' id='word_1_92' title='bbox 442 1668 519 1735; x_wconf 87' lang='lat' dir='ltr'><strong>satis</strong></span> <span class='ocrx_word' id='word_1_93' title='bbox 548 1677 696 1755; x_wconf 89' lang='lat' dir='ltr'><strong>constet,</strong></span> <span class='ocrx_word' id='word_1_94' title='bbox 728 1668 822 1760; x_wconf 92' lang='lat' dir='ltr'><strong>apud</strong></span> <span class='ocrx_word' id='word_1_95' title='bbox 848 1671 1051 1740; x_wconf 86' lang='lat' dir='ltr'><strong>recentiores</strong></span> <span class='ocrx_word' id='word_1_96' title='bbox 1071 1676 1274 1766; x_wconf 83' lang='lat' dir='ltr'><strong>pronomina</strong></span> 
     </span>
     <span class='ocr_line' id='line_1_13' title="bbox 163 1769 1271 1869; baseline 0.01 -29"><span class='ocrx_word' id='word_1_97' title='bbox 163 1782 196 1840; x_wconf 91' lang='lat' dir='ltr'><strong>et</strong></span> <span class='ocrx_word' id='word_1_98' title='bbox 209 1794 299 1860; x_wconf 90' lang='lat' dir='ltr'><strong>quac</strong></span> <span class='ocrx_word' id='word_1_99' title='bbox 312 1769 364 1837; x_wconf 88' lang='lat' dir='ltr'><strong>his</strong></span> <span class='ocrx_word' id='word_1_100' title='bbox 379 1770 498 1856; x_wconf 86' lang='lat' dir='ltr'><strong>similia</strong></span> <span class='ocrx_word' id='word_1_101' title='bbox 514 1781 590 1839; x_wconf 91' lang='lat' dir='ltr'><strong>sunt</strong></span> <span class='ocrx_word' id='word_1_102' title='bbox 603 1771 778 1854; x_wconf 84' lang='lat' dir='ltr'><strong>vocabula,</strong></span> <span class='ocrx_word' id='word_1_103' title='bbox 804 1781 842 1839; x_wconf 94' lang='lat' dir='ltr'><strong>ut</strong></span> <span class='ocrx_word' id='word_1_104' title='bbox 857 1769 907 1862; x_wconf 81' lang='grc' dir='ltr'><strong>ὅς,</strong></span> <span class='ocrx_word' id='word_1_105' title='bbox 934 1770 1040 1863; x_wconf 68' lang='lat' dir='ltr'><strong>derce,</strong></span> <span class='ocrx_word' id='word_1_106' title='bbox 1067 1775 1152 1857; x_wconf 83' lang='grc' dir='ltr'><em>οἶος,</em></span> <span class='ocrx_word' id='word_1_107' title='bbox 1174 1775 1271 1869; x_wconf 85' lang='grc' dir='ltr'><strong><em>ὅσος,</em></strong></span> 
     </span>
     <span class='ocr_line' id='line_1_14' title="bbox 164 1867 1272 1967; baseline 0.002 -19"><span class='ocrx_word' id='word_1_108' title='bbox 164 1867 360 1967; x_wconf 81' lang='grc' dir='ltr'><strong><em>ὁπότερος,</em></strong></span> <span class='ocrx_word' id='word_1_109' title='bbox 387 1896 465 1940; x_wconf 92' lang='lat' dir='ltr'><strong>cum</strong></span> <span class='ocrx_word' id='word_1_110' title='bbox 489 1872 535 1947; x_wconf 74' lang='grc' dir='ltr'><strong>ἐν</strong></span> <span class='ocrx_word' id='word_1_111' title='bbox 556 1885 591 1942; x_wconf 90' lang='lat' dir='ltr'><strong>et</strong></span> <span class='ocrx_word' id='word_1_112' title='bbox 614 1875 825 1943; x_wconf 86' lang='lat' dir='ltr'><strong>coniunctivo</strong></span> <span class='ocrx_word' id='word_1_113' title='bbox 847 1878 1056 1960; x_wconf 82' lang='lat' dir='ltr'><strong>consociata,</strong></span> <span class='ocrx_word' id='word_1_114' title='bbox 1083 1879 1187 1947; x_wconf 85' lang='lat' dir='ltr'><strong>futuri</strong></span> <span class='ocrx_word' id='word_1_115' title='bbox 1210 1905 1272 1950; x_wconf 88' lang='lat' dir='ltr'><strong>ex-</strong></span> 
     </span>
     <span class='ocr_line' id='line_1_15' title="bbox 162 1977 1271 2077; baseline 0.008 -32"><span class='ocrx_word' id='word_1_116' title='bbox 162 1978 225 2045; x_wconf 84' lang='lat' dir='ltr'><strong>acti</strong></span> <span class='ocrx_word' id='word_1_117' title='bbox 242 1977 519 2070; x_wconf 81' lang='lat' dir='ltr'><strong>significationem</strong></span> <span class='ocrx_word' id='word_1_118' title='bbox 534 1978 680 2065; x_wconf 85' lang='lat' dir='ltr'><strong>habere,</strong></span> <span class='ocrx_word' id='word_1_119' title='bbox 707 2001 803 2046; x_wconf 89' lang='lat' dir='ltr'><strong>secus</strong></span> <span class='ocrx_word' id='word_1_120' title='bbox 822 1977 860 2045; x_wconf 91' lang='lat' dir='ltr'><strong>id</strong></span> <span class='ocrx_word' id='word_1_121' title='bbox 876 1989 928 2047; x_wconf 87' lang='lat' dir='ltr'><strong>est</strong></span> <span class='ocrx_word' id='word_1_122' title='bbox 942 1978 1035 2072; x_wconf 89' lang='lat' dir='ltr'><strong>apud</strong></span> <span class='ocrx_word' id='word_1_123' title='bbox 1053 1992 1182 2052; x_wconf 86' lang='lat' dir='ltr'><strong>veteres</strong></span> <span class='ocrx_word' id='word_1_124' title='bbox 1200 1986 1271 2077; x_wconf 92' lang='lat' dir='ltr'><strong>epi·</strong></span> 
     </span>
     <span class='ocr_line' id='line_1_16' title="bbox 162 2077 1271 2178; baseline 0.006 -29"><span class='ocrx_word' id='word_1_125' title='bbox 162 2103 235 2168; x_wconf 90' lang='lat' dir='ltr'><strong>cos,</strong></span> <span class='ocrx_word' id='word_1_126' title='bbox 261 2090 301 2148; x_wconf 94' lang='lat' dir='ltr'><strong>ut</strong></span> <span class='ocrx_word' id='word_1_127' title='bbox 316 2077 354 2147; x_wconf 85' lang='lat' dir='ltr'><strong>lri</strong></span> <span class='ocrx_word' id='word_1_128' title='bbox 369 2103 446 2148; x_wconf 90' lang='lat' dir='ltr'><strong>eam</strong></span> <span class='ocrx_word' id='word_1_129' title='bbox 460 2082 742 2150; x_wconf 87' lang='lat' dir='ltr'><strong>constructionem</strong></span> <span class='ocrx_word' id='word_1_130' title='bbox 763 2082 865 2150; x_wconf 91' lang='lat' dir='ltr'><strong>etiam</strong></span> <span class='ocrx_word' id='word_1_131' title='bbox 886 2083 978 2150; x_wconf 88' lang='lat' dir='ltr'><strong>finali</strong></span> <span class='ocrx_word' id='word_1_132' title='bbox 998 2084 1187 2178; x_wconf 80' lang='lat' dir='ltr'><strong>significatu</strong></span> <span class='ocrx_word' id='word_1_133' title='bbox 1205 2087 1271 2156; x_wconf 91' lang='lat' dir='ltr'><strong>ad-</strong></span> 
     </span>
     <span class='ocr_line' id='line_1_17' title="bbox 160 2183 855 2274; baseline -0.001 -20"><span class='ocrx_word' id='word_1_134' title='bbox 160 2183 323 2254; x_wconf 76' lang='lat' dir='ltr'><strong>miseriutz</strong></span> <span class='ocrx_word' id='word_1_135' title='bbox 349 2184 451 2274; x_wconf 89' lang='lat' dir='ltr'><strong>quale</strong></span> <span class='ocrx_word' id='word_1_136' title='bbox 465 2184 534 2254; x_wconf 92' lang='lat' dir='ltr'><strong>hoc</strong></span> <span class='ocrx_word' id='word_1_137' title='bbox 549 2195 600 2254; x_wconf 90' lang='lat' dir='ltr'><strong>est</strong></span> <span class='ocrx_word' id='word_1_138' title='bbox 611 2184 707 2254; x_wconf 86' lang='lat' dir='ltr'><strong>Iliad.</strong></span> <span class='ocrx_word' id='word_1_139' title='bbox 722 2188 754 2258; x_wconf 81' lang='grc' dir='ltr'><strong>δ.</strong></span> <span class='ocrx_word' id='word_1_140' title='bbox 769 2184 855 2254; x_wconf 94' lang='grc'><strong>199.</strong></span> 
     </span>
    </p>
   </div>
   <div class='ocr_carea' id='block_1_7' title="bbox 206 2347 1111 2557">
    <p class='ocr_par' dir='ltr' id='par_1_7' title="bbox 206 2347 1111 2557">
     <span class='ocr_line' id='line_1_18' title="bbox 206 2347 1026 2454; baseline -0.002 -23"><span class='ocrx_word' id='word_1_141' title='bbox 206 2358 307 2436; x_wconf 59' lang='lat' dir='ltr'><strong>neoc</strong></span> <span class='ocrx_word' id='word_1_142' title='bbox 322 2349 360 2427; x_wconf 81' lang='grc' dir='ltr'><strong>δ’</strong></span> <span class='ocrx_word' id='word_1_143' title='bbox 373 2347 479 2454; x_wconf 74' lang='grc' dir='ltr'><strong>ιἠτῆρ</strong></span> <span class='ocrx_word' id='word_1_144' title='bbox 494 2348 758 2448; x_wconf 83' lang='grc' dir='ltr'><strong><em>ἐπιμσίσσεται,</em></strong></span> <span class='ocrx_word' id='word_1_145' title='bbox 781 2351 843 2451; x_wconf 82' lang='grc' dir='ltr'><strong>ἠδ’</strong></span> <span class='ocrx_word' id='word_1_146' title='bbox 857 2349 1026 2451; x_wconf 73' lang='grc' dir='ltr'><strong><em>ἐπιθήσει</em></strong></span> 
     </span>
     <span class='ocr_line' id='line_1_19' title="bbox 206 2450 1111 2557; baseline 0.002 -26"><span class='ocrx_word' id='word_1_147' title='bbox 206 2452 394 2557; x_wconf 71' lang='grc' dir='ltr'><strong><em>φάρμαχ’,</em></strong></span> <span class='ocrx_word' id='word_1_148' title='bbox 420 2454 447 2530; x_wconf 80' lang='grc' dir='ltr'><em>ἅ</em></span> <span class='ocrx_word' id='word_1_149' title='bbox 461 2485 521 2531; x_wconf 81' lang='grc' dir='ltr'><strong><em>νεν</em></strong></span> <span class='ocrx_word' id='word_1_150' title='bbox 536 2450 696 2556; x_wconf 75' lang='grc' dir='ltr'><strong><em>παύσῃσι</em></strong></span> <span class='ocrx_word' id='word_1_151' title='bbox 710 2451 918 2552; x_wconf 72' lang='grc' dir='ltr'><strong><em>μελαινάων</em></strong></span> <span class='ocrx_word' id='word_1_152' title='bbox 930 2453 1111 2533; x_wconf 62' lang='lat' dir='ltr'><strong>torvior·</strong></span> 
     </span>
    </p>
   </div>
   <div class='ocr_carea' id='block_1_8' title="bbox 150 2627 1390 3962">
    <p class='ocr_par' dir='ltr' id='par_1_8' title="bbox 150 2627 1390 3962">
     <span class='ocr_line' id='line_1_20' title="bbox 158 2627 1269 2724; baseline -0.002 -24"><span class='ocrx_word' id='word_1_153' title='bbox 158 2631 178 2703; x_wconf 85' lang='lat' dir='ltr'><strong>i</strong></span> <span class='ocrx_word' id='word_1_154' title='bbox 199 2654 231 2705; x_wconf 90' lang='lat' dir='ltr'><strong>e.</strong></span> <span class='ocrx_word' id='word_1_155' title='bbox 252 2651 348 2724; x_wconf 80' lang='lat' dir='ltr'><strong>quoe</strong></span> <span class='ocrx_word' id='word_1_156' title='bbox 372 2628 511 2699; x_wconf 70' lang='lat' dir='ltr'><strong>tonant</strong></span> <span class='ocrx_word' id='word_1_157' title='bbox 532 2630 701 2702; x_wconf 83' lang='lat' dir='ltr'><strong>dolores:</strong></span> <span class='ocrx_word' id='word_1_158' title='bbox 727 2627 822 2720; x_wconf 89' lang='lat' dir='ltr'><strong>quod</strong></span> <span class='ocrx_word' id='word_1_159' title='bbox 841 2628 1009 2697; x_wconf 87' lang='lat' dir='ltr'><strong>recentior</strong></span> <span class='ocrx_word' id='word_1_160' title='bbox 1033 2652 1144 2698; x_wconf 85' lang='lat' dir='ltr'><strong>sermo</strong></span> <span class='ocrx_word' id='word_1_161' title='bbox 1167 2631 1222 2700; x_wconf 85' lang='lat' dir='ltr'><strong>vel</strong></span> <span class='ocrx_word' id='word_1_162' title='bbox 1243 2630 1269 2705; x_wconf 77' lang='grc' dir='ltr'><strong><em>ὁὶ</em></strong></span> 
     </span>
     <span class='ocr_line' id='line_1_21' title="bbox 158 2727 1390 2855; baseline -0.001 -49"><span class='ocrx_word' id='word_1_163' title='bbox 158 2727 310 2823; x_wconf 83' lang='grc' dir='ltr'><strong><em>παύσει,</em></strong></span> <span class='ocrx_word' id='word_1_164' title='bbox 338 2733 391 2800; x_wconf 87' lang='lat' dir='ltr'><strong>vel</strong></span> <span class='ocrx_word' id='word_1_165' title='bbox 419 2727 639 2855; x_wconf 59' lang='grc' dir='ltr'><strong><em>ἐπαύσατε(</em></strong></span> <span class='ocrx_word' id='word_1_166' title='bbox 655 2733 701 2806; x_wconf 78' lang='grc' dir='ltr'><strong>ἂν</strong></span> <span class='ocrx_word' id='word_1_167' title='bbox 727 2733 819 2805; x_wconf 85' lang='lat' dir='ltr'><strong>dixit.</strong></span> <span class='ocrx_word' id='word_1_168' title='bbox 871 2732 977 2825; x_wconf 87' lang='lat' dir='ltr'><strong>Apud</strong></span> <span class='ocrx_word' id='word_1_169' title='bbox 1000 2732 1121 2825; x_wconf 88' lang='lat' dir='ltr'><strong>Eurip.</strong></span> <span class='ocrx_word' id='word_1_170' title='bbox 1145 2730 1268 2829; x_wconf 83' lang='lat' dir='ltr'><strong>Suppl.</strong></span> <span class='ocrx_word' id='word_1_171' title='bbox 1386 2784 1390 2791; x_wconf 86' lang='lat'><em>-</em></span> 
     </span>
     <span class='ocr_line' id='line_1_22' title="bbox 157 2833 1268 2929; baseline 0.001 -24"><span class='ocrx_word' id='word_1_172' title='bbox 157 2833 244 2906; x_wconf 85' lang='lat'>451.</span> <span class='ocrx_word' id='word_1_173' title='bbox 260 2836 350 2906; x_wconf 90' lang='lat' dir='ltr'><strong>male</strong></span> <span class='ocrx_word' id='word_1_174' title='bbox 371 2835 452 2904; x_wconf 85' lang='lat' dir='ltr'><strong>Ald.</strong></span> <span class='ocrx_word' id='word_1_175' title='bbox 470 2833 508 2916; x_wconf 82' lang='grc' dir='ltr'><strong>ὃς</strong></span> <span class='ocrx_word' id='word_1_176' title='bbox 527 2860 592 2928; x_wconf 90' lang='lat' dir='ltr'><strong>pro</strong></span> <span class='ocrx_word' id='word_1_177' title='bbox 608 2865 663 2918; x_wconf 88' lang='grc' dir='ltr'><strong>ως.</strong></span> <span class='ocrx_word' id='word_1_178' title='bbox 711 2836 883 2925; x_wconf 83' lang='lat' dir='ltr'><strong>Exempla</strong></span> <span class='ocrx_word' id='word_1_179' title='bbox 906 2835 1005 2904; x_wconf 88' lang='lat' dir='ltr'><strong>huius</strong></span> <span class='ocrx_word' id='word_1_180' title='bbox 1025 2839 1162 2929; x_wconf 83' lang='lat' dir='ltr'><strong>generis</strong></span> <span class='ocrx_word' id='word_1_181' title='bbox 1188 2862 1268 2907; x_wconf 90' lang='lat' dir='ltr'><strong>curn</strong></span> 
     </span>
     <span class='ocr_line' id='line_1_23' title="bbox 156 2936 1266 3037; baseline -0.005 -23"><span class='ocrx_word' id='word_1_182' title='bbox 156 2937 254 3023; x_wconf 74' lang='grc' dir='ltr'><strong><em>ὅςνεν</em></strong></span> <span class='ocrx_word' id='word_1_183' title='bbox 270 2949 400 3008; x_wconf 80' lang='lat' dir='ltr'><strong>exstant</strong></span> <span class='ocrx_word' id='word_1_184' title='bbox 416 2939 512 3011; x_wconf 87' lang='lat' dir='ltr'><strong>lliad.</strong></span> <span class='ocrx_word' id='word_1_185' title='bbox 530 2967 563 3037; x_wconf 84' lang='grc' dir='ltr'><strong>η.</strong></span> <span class='ocrx_word' id='word_1_186' title='bbox 586 2939 673 3012; x_wconf 96' lang='grc'><strong>111.</strong></span> <span class='ocrx_word' id='word_1_187' title='bbox 697 2968 722 3010; x_wconf 92' lang='grc' dir='ltr'><strong>ι.</strong></span> <span class='ocrx_word' id='word_1_188' title='bbox 742 2937 825 3010; x_wconf 87' lang='grc'><strong>165.</strong></span> <span class='ocrx_word' id='word_1_189' title='bbox 842 2936 929 3007; x_wconf 86' lang='grc'><strong>424.</strong></span> <span class='ocrx_word' id='word_1_190' title='bbox 953 2968 992 3035; x_wconf 81' lang='grc' dir='ltr'><strong>φ.</strong></span> <span class='ocrx_word' id='word_1_191' title='bbox 1011 2938 1098 3014; x_wconf 90' lang='grc'><strong>193.</strong></span> <span class='ocrx_word' id='word_1_192' title='bbox 1122 2961 1162 3034; x_wconf 79' lang='grc' dir='ltr'><strong>ψ.</strong></span> <span class='ocrx_word' id='word_1_193' title='bbox 1179 2940 1266 3010; x_wconf 86' lang='grc'><strong>345.</strong></span> 
     </span>
     <span class='ocr_line' id='line_1_24' title="bbox 156 3039 1292 3134; baseline -0.004 -18"><span class='ocrx_word' id='word_1_194' title='bbox 156 3071 193 3116; x_wconf 87' lang='grc' dir='ltr'><strong>α.</strong></span> <span class='ocrx_word' id='word_1_195' title='bbox 209 3042 296 3113; x_wconf 93' lang='grc'><strong>119.</strong></span> <span class='ocrx_word' id='word_1_196' title='bbox 311 3041 416 3133; x_wconf 86' lang='grc'><strong>(141.</strong></span> <span class='ocrx_word' id='word_1_197' title='bbox 435 3040 522 3114; x_wconf 91' lang='grc'><strong>116.</strong></span> <span class='ocrx_word' id='word_1_198' title='bbox 544 3040 647 3134; x_wconf 87' lang='grc'><strong>196.)</strong></span> <span class='ocrx_word' id='word_1_199' title='bbox 670 3040 737 3113; x_wconf 85' lang='lat' dir='ltr'><strong>Od.</strong></span> <span class='ocrx_word' id='word_1_200' title='bbox 749 3047 786 3134; x_wconf 80' lang='grc' dir='ltr'><strong>β.</strong></span> <span class='ocrx_word' id='word_1_201' title='bbox 801 3039 886 3110; x_wconf 92' lang='grc'><strong>192.</strong></span> <span class='ocrx_word' id='word_1_202' title='bbox 901 3041 988 3111; x_wconf 88' lang='grc'><strong>213.</strong></span> <span class='ocrx_word' id='word_1_203' title='bbox 1007 3044 1039 3113; x_wconf 80' lang='grc' dir='ltr'><strong>δ.</strong></span> <span class='ocrx_word' id='word_1_204' title='bbox 1059 3040 1145 3111; x_wconf 86' lang='grc'><strong>156.</strong></span> <span class='ocrx_word' id='word_1_205' title='bbox 1161 3053 1187 3130; x_wconf 83' lang='grc' dir='ltr'><strong>ζ.</strong></span> <span class='ocrx_word' id='word_1_206' title='bbox 1205 3043 1265 3113; x_wconf 94' lang='grc'><strong>31.</strong></span> <span class='ocrx_word' id='word_1_207' title='bbox 1288 3067 1292 3075; x_wconf 77' lang='grc'><em>’</em></span> 
     </span>
     <span class='ocr_line' id='line_1_25' title="bbox 155 3140 1265 3234; baseline 0.003 -17"><span class='ocrx_word' id='word_1_208' title='bbox 155 3146 242 3217; x_wconf 91' lang='grc'><strong>292.</strong></span> <span class='ocrx_word' id='word_1_209' title='bbox 266 3175 292 3221; x_wconf 90' lang='grc' dir='ltr'><strong>ι.</strong></span> <span class='ocrx_word' id='word_1_210' title='bbox 327 3143 414 3214; x_wconf 91' lang='grc'><strong>356.</strong></span> <span class='ocrx_word' id='word_1_211' title='bbox 437 3173 469 3219; x_wconf 89' lang='grc' dir='ltr'><strong>ιι.</strong></span> <span class='ocrx_word' id='word_1_212' title='bbox 503 3140 589 3214; x_wconf 90' lang='grc'><strong>288.</strong></span> <span class='ocrx_word' id='word_1_213' title='bbox 614 3141 702 3217; x_wconf 84' lang='grc'><strong>539.</strong></span> <span class='ocrx_word' id='word_1_214' title='bbox 723 3147 753 3219; x_wconf 84' lang='grc' dir='ltr'><strong>λ.</strong></span> <span class='ocrx_word' id='word_1_215' title='bbox 778 3142 866 3216; x_wconf 86' lang='grc'><strong>134.</strong></span> <span class='ocrx_word' id='word_1_216' title='bbox 894 3143 958 3234; x_wconf 89' lang='grc' dir='ltr'><strong>(ψ.</strong></span> <span class='ocrx_word' id='word_1_217' title='bbox 982 3141 1093 3234; x_wconf 91' lang='grc'><strong>282.)</strong></span> <span class='ocrx_word' id='word_1_218' title='bbox 1120 3172 1152 3217; x_wconf 91' lang='grc' dir='ltr'><strong>ν.</strong></span> <span class='ocrx_word' id='word_1_219' title='bbox 1176 3144 1265 3221; x_wconf 90' lang='grc'><strong>499.</strong></span> 
     </span>
     <span class='ocr_line' id='line_1_26' title="bbox 153 3241 1266 3345; baseline 0.004 -27"><span class='ocrx_word' id='word_1_220' title='bbox 153 3276 185 3323; x_wconf 90' lang='lat' dir='ltr'><strong>o.</strong></span> <span class='ocrx_word' id='word_1_221' title='bbox 208 3249 296 3323; x_wconf 88' lang='grc'><strong>311.</strong></span> <span class='ocrx_word' id='word_1_222' title='bbox 316 3246 404 3324; x_wconf 91' lang='grc'><strong>518.</strong></span> <span class='ocrx_word' id='word_1_223' title='bbox 428 3277 466 3323; x_wconf 96' lang='grc' dir='ltr'><strong>π.</strong></span> <span class='ocrx_word' id='word_1_224' title='bbox 485 3247 573 3323; x_wconf 87' lang='grc'><strong>349.</strong></span> <span class='ocrx_word' id='word_1_225' title='bbox 589 3276 622 3345; x_wconf 92' lang='grc' dir='ltr'><strong>ρ.</strong></span> <span class='ocrx_word' id='word_1_226' title='bbox 639 3244 727 3321; x_wconf 91' lang='grc'><strong>385.</strong></span> <span class='ocrx_word' id='word_1_227' title='bbox 745 3275 778 3323; x_wconf 91' lang='grc' dir='ltr'><strong>σ.</strong></span> <span class='ocrx_word' id='word_1_228' title='bbox 793 3244 856 3320; x_wconf 89' lang='grc'><strong>85.</strong></span> <span class='ocrx_word' id='word_1_229' title='bbox 880 3269 958 3314; x_wconf 89' lang='lat' dir='ltr'><strong>cum</strong></span> <span class='ocrx_word' id='word_1_230' title='bbox 981 3241 1184 3341; x_wconf 82' lang='grc' dir='ltr'><strong><em>ὁππότερός</em></strong></span> <span class='ocrx_word' id='word_1_231' title='bbox 1204 3275 1266 3323; x_wconf 74' lang='lat' dir='ltr'><strong>aar</strong></span> 
     </span>
     <span class='ocr_line' id='line_1_27' title="bbox 152 3347 1265 3447; baseline -0.001 -24"><span class='ocrx_word' id='word_1_232' title='bbox 152 3353 248 3427; x_wconf 88' lang='lat' dir='ltr'><strong>Iliad.</strong></span> <span class='ocrx_word' id='word_1_233' title='bbox 275 3381 309 3444; x_wconf 77' lang='grc' dir='ltr'><strong>χ.</strong></span> <span class='ocrx_word' id='word_1_234' title='bbox 325 3352 412 3426; x_wconf 92' lang='grc'><strong>139.</strong></span> <span class='ocrx_word' id='word_1_235' title='bbox 432 3374 474 3447; x_wconf 85' lang='grc' dir='ltr'><strong>ψ.</strong></span> <span class='ocrx_word' id='word_1_236' title='bbox 498 3348 587 3426; x_wconf 89' lang='grc'><strong>895.</strong></span> <span class='ocrx_word' id='word_1_237' title='bbox 606 3376 684 3420; x_wconf 90' lang='lat' dir='ltr'><strong>cum</strong></span> <span class='ocrx_word' id='word_1_238' title='bbox 705 3352 806 3434; x_wconf 87' lang='grc' dir='ltr'><strong><em>αίιιεν</em></strong></span> <span class='ocrx_word' id='word_1_239' title='bbox 819 3350 889 3424; x_wconf 88' lang='lat' dir='ltr'><strong>od.</strong></span> <span class='ocrx_word' id='word_1_240' title='bbox 912 3376 942 3421; x_wconf 91' lang='grc' dir='ltr'><strong>ο.</strong></span> <span class='ocrx_word' id='word_1_241' title='bbox 959 3347 1045 3416; x_wconf 88' lang='grc'><strong>312.</strong></span> <span class='ocrx_word' id='word_1_242' title='bbox 1061 3377 1093 3440; x_wconf 77' lang='grc' dir='ltr'><strong>χ.</strong></span> <span class='ocrx_word' id='word_1_243' title='bbox 1110 3348 1145 3422; x_wconf 92' lang='grc'><strong>1.</strong></span> <span class='ocrx_word' id='word_1_244' title='bbox 1162 3361 1265 3442; x_wconf 90' lang='lat' dir='ltr'><strong>atque</strong></span> 
     </span>
     <span class='ocr_line' id='line_1_28' title="bbox 152 3452 1267 3553; baseline -0.002 -27"><span class='ocrx_word' id='word_1_245' title='bbox 152 3457 251 3546; x_wconf 88' lang='lat' dir='ltr'><strong>alibi,</strong></span> <span class='ocrx_word' id='word_1_246' title='bbox 277 3466 315 3525; x_wconf 90' lang='lat' dir='ltr'><strong>ut</strong></span> <span class='ocrx_word' id='word_1_247' title='bbox 334 3455 431 3524; x_wconf 92' lang='lat' dir='ltr'><strong>lliad.</strong></span> <span class='ocrx_word' id='word_1_248' title='bbox 451 3484 479 3529; x_wconf 85' lang='grc' dir='ltr'><strong>ε.</strong></span> <span class='ocrx_word' id='word_1_249' title='bbox 501 3455 588 3529; x_wconf 87' lang='grc'><strong>219.</strong></span> <span class='ocrx_word' id='word_1_250' title='bbox 612 3483 646 3553; x_wconf 82' lang='grc' dir='ltr'><strong>η.</strong></span> <span class='ocrx_word' id='word_1_251' title='bbox 670 3452 757 3524; x_wconf 76' lang='grc'><strong>243.</strong></span> <span class='ocrx_word' id='word_1_252' title='bbox 791 3453 927 3523; x_wconf 87' lang='lat' dir='ltr'><strong>Omisso</strong></span> <span class='ocrx_word' id='word_1_253' title='bbox 951 3463 1062 3521; x_wconf 89' lang='lat' dir='ltr'><strong>autem</strong></span> <span class='ocrx_word' id='word_1_254' title='bbox 1087 3454 1209 3544; x_wconf 80' lang='grc' dir='ltr'><strong><em>ιιένίισ</em></strong></span> <span class='ocrx_word' id='word_1_255' title='bbox 1228 3456 1267 3538; x_wconf 83' lang='grc' dir='ltr'><strong>ὃς</strong></span> 
     </span>
     <span class='ocr_line' id='line_1_29' title="bbox 150 3549 1266 3653; baseline 0.001 -24"><span class='ocrx_word' id='word_1_256' title='bbox 150 3561 205 3629; x_wconf 80' lang='lat' dir='ltr'><strong>vel</strong></span> <span class='ocrx_word' id='word_1_257' title='bbox 222 3557 317 3642; x_wconf 77' lang='grc' dir='ltr'><strong><em>ὄςτις</em></strong></span> <span class='ocrx_word' id='word_1_258' title='bbox 332 3560 425 3629; x_wconf 91' lang='lat' dir='ltr'><strong>lliad.</strong></span> <span class='ocrx_word' id='word_1_259' title='bbox 441 3566 477 3653; x_wconf 78' lang='grc' dir='ltr'><strong>β.</strong></span> <span class='ocrx_word' id='word_1_260' title='bbox 493 3559 580 3634; x_wconf 88' lang='grc'><strong>233.</strong></span> <span class='ocrx_word' id='word_1_261' title='bbox 597 3590 628 3652; x_wconf 77' lang='lat' dir='ltr'><strong>y.</strong></span> <span class='ocrx_word' id='word_1_262' title='bbox 648 3558 734 3627; x_wconf 93' lang='grc'><strong>281.</strong></span> <span class='ocrx_word' id='word_1_263' title='bbox 762 3556 830 3626; x_wconf 92' lang='lat' dir='ltr'><strong>Od.</strong></span> <span class='ocrx_word' id='word_1_264' title='bbox 852 3584 883 3629; x_wconf 91' lang='grc' dir='ltr'><strong>σ.</strong></span> <span class='ocrx_word' id='word_1_265' title='bbox 903 3555 989 3623; x_wconf 79' lang='grc'><strong>334.</strong></span> <span class='ocrx_word' id='word_1_266' title='bbox 1012 3567 1047 3624; x_wconf 89' lang='lat' dir='ltr'><strong>et</strong></span> <span class='ocrx_word' id='word_1_267' title='bbox 1062 3549 1266 3652; x_wconf 81' lang='grc' dir='ltr'><strong><em>ὁππότερος</em></strong></span> 
     </span>
     <span class='ocr_line' id='line_1_30' title="bbox 150 3660 1265 3752; baseline -0.004 -20"><span class='ocrx_word' id='word_1_268' title='bbox 150 3663 246 3733; x_wconf 86' lang='lat' dir='ltr'><strong>Iliad.</strong></span> <span class='ocrx_word' id='word_1_269' title='bbox 264 3692 292 3737; x_wconf 82' lang='grc' dir='ltr'><strong>ε.</strong></span> <span class='ocrx_word' id='word_1_270' title='bbox 304 3662 365 3733; x_wconf 90' lang='grc'><strong>33.</strong></span> <span class='ocrx_word' id='word_1_271' title='bbox 416 3664 539 3752; x_wconf 90' lang='lat' dir='ltr'><strong>Neque</strong></span> <span class='ocrx_word' id='word_1_272' title='bbox 553 3672 666 3731; x_wconf 85' lang='lat' dir='ltr'><strong>tamen</strong></span> <span class='ocrx_word' id='word_1_273' title='bbox 681 3663 849 3730; x_wconf 90' lang='lat' dir='ltr'><strong>Homerus</strong></span> <span class='ocrx_word' id='word_1_274' title='bbox 869 3660 1009 3728; x_wconf 89' lang='lat' dir='ltr'><strong>alteram</strong></span> <span class='ocrx_word' id='word_1_275' title='bbox 1024 3661 1187 3727; x_wconf 90' lang='lat' dir='ltr'><strong>rationem</strong></span> <span class='ocrx_word' id='word_1_276' title='bbox 1202 3660 1265 3728; x_wconf 92' lang='lat' dir='ltr'><strong>ad-</strong></span> 
     </span>
     <span class='ocr_line' id='line_1_31' title="bbox 151 3763 1264 3859; baseline -0.003 -24"><span class='ocrx_word' id='word_1_277' title='bbox 151 3776 349 3859; x_wconf 76' lang='lat' dir='ltr'><strong>spernntur,</strong></span> <span class='ocrx_word' id='word_1_278' title='bbox 379 3790 468 3857; x_wconf 90' lang='lat' dir='ltr'><strong>quae</strong></span> <span class='ocrx_word' id='word_1_279' title='bbox 497 3767 683 3858; x_wconf 86' lang='lat' dir='ltr'><strong>optativum</strong></span> <span class='ocrx_word' id='word_1_280' title='bbox 705 3764 861 3855; x_wconf 88' lang='lat' dir='ltr'><strong>requirit:</strong></span> <span class='ocrx_word' id='word_1_281' title='bbox 896 3763 941 3831; x_wconf 91' lang='lat' dir='ltr'><strong>de</strong></span> <span class='ocrx_word' id='word_1_282' title='bbox 968 3786 1036 3852; x_wconf 90' lang='lat' dir='ltr'><strong>qua</strong></span> <span class='ocrx_word' id='word_1_283' title='bbox 1060 3785 1098 3830; x_wconf 91' lang='lat' dir='ltr'><strong>re</strong></span> <span class='ocrx_word' id='word_1_284' title='bbox 1123 3763 1264 3842; x_wconf 82' lang='lat' dir='ltr'><strong>dicetur,</strong></span> 
     </span>
     <span class='ocr_line' id='line_1_32' title="bbox 150 3865 1267 3962; baseline 0 -24"><span class='ocrx_word' id='word_1_285' title='bbox 150 3871 208 3938; x_wconf 89' lang='lat' dir='ltr'><strong>uhi</strong></span> <span class='ocrx_word' id='word_1_286' title='bbox 230 3869 276 3938; x_wconf 93' lang='lat' dir='ltr'><strong>ad</strong></span> <span class='ocrx_word' id='word_1_287' title='bbox 293 3871 480 3962; x_wconf 85' lang='lat' dir='ltr'><strong>optativum</strong></span> <span class='ocrx_word' id='word_1_288' title='bbox 502 3871 763 3962; x_wconf 87' lang='lat' dir='ltr'><strong>pervenerimus.</strong></span> <span class='ocrx_word' id='word_1_289' title='bbox 815 3867 939 3936; x_wconf 88' lang='lat' dir='ltr'><strong>Rarius</strong></span> <span class='ocrx_word' id='word_1_290' title='bbox 955 3866 1069 3943; x_wconf 83' lang='lat' dir='ltr'><strong>futuro</strong></span> <span class='ocrx_word' id='word_1_291' title='bbox 1083 3865 1203 3958; x_wconf 89' lang='lat' dir='ltr'><strong>utitur,</strong></span> <span class='ocrx_word' id='word_1_292' title='bbox 1228 3879 1267 3938; x_wconf 91' lang='lat' dir='ltr'><strong>ut</strong></span> 
     </span>
    </p>
   </div>
   <div class='ocr_carea' id='block_1_9' title="bbox 150 3971 567 4066">
    <p class='ocr_par' dir='ltr' id='par_1_9' title="bbox 150 3971 567 4066">
     <span class='ocr_line' id='line_1_33' title="bbox 150 3971 567 4066; baseline 0 -25"><span class='ocrx_word' id='word_1_293' title='bbox 150 3971 218 4042; x_wconf 78' lang='lat' dir='ltr'><strong>oa.</strong></span> <span class='ocrx_word' id='word_1_294' title='bbox 235 3983 262 4056; x_wconf 70' lang='grc' dir='ltr'><strong>ε.</strong></span> <span class='ocrx_word' id='word_1_295' title='bbox 280 3972 366 4046; x_wconf 84' lang='lat' dir='ltr'><strong>aar.</strong></span> <span class='ocrx_word' id='word_1_296' title='bbox 396 3975 445 4065; x_wconf 67' lang='grc' dir='ltr'><strong>(ι.</strong></span> <span class='ocrx_word' id='word_1_297' title='bbox 465 3971 567 4066; x_wconf 76' lang='lat' dir='ltr'><strong>uss.)</strong></span> 
     </span>
    </p>
   </div>
   <div class='ocr_carea' id='block_1_10' title="bbox 151 4134 1158 4448">
    <p class='ocr_par' dir='ltr' id='par_1_10' title="bbox 151 4134 1158 4448">
     <span class='ocr_line' id='line_1_34' title="bbox 199 4134 1158 4238; baseline -0.006 -23"><span class='ocrx_word' id='word_1_298' title='bbox 199 4141 321 4236; x_wconf 79' lang='grc' dir='ltr'><strong><em>ὤμοσε</em></strong></span> <span class='ocrx_word' id='word_1_299' title='bbox 339 4144 377 4218; x_wconf 82' lang='grc' dir='ltr'><strong><em>δέ</em></strong></span> <span class='ocrx_word' id='word_1_300' title='bbox 392 4137 483 4238; x_wconf 82' lang='grc' dir='ltr'><strong>πρός</strong></span> <span class='ocrx_word' id='word_1_301' title='bbox 499 4139 561 4237; x_wconf 80' lang='grc' dir='ltr'><strong>ἔμ’</strong></span> <span class='ocrx_word' id='word_1_302' title='bbox 578 4134 707 4220; x_wconf 79' lang='grc' dir='ltr'><strong><em>αὐτόν,</em></strong></span> <span class='ocrx_word' id='word_1_303' title='bbox 735 4136 970 4211; x_wconf 79' lang='grc' dir='ltr'><strong><em>α’ποσπένέων</em></strong></span> <span class='ocrx_word' id='word_1_304' title='bbox 986 4136 1037 4211; x_wconf 84' lang='grc' dir='ltr'><strong>ἐνί</strong></span> <span class='ocrx_word' id='word_1_305' title='bbox 1053 4141 1137 4236; x_wconf 80' lang='grc' dir='ltr'><strong><em>οἴκῳ</em></strong></span> <span class='ocrx_word' id='word_1_306' title='bbox 1145 4194 1158 4228; x_wconf 85' lang='grc'>,</span> 
     </span>
     <span class='ocr_line' id='line_1_35' title="bbox 151 4239 1130 4345; baseline -0.004 -26"><span class='ocrx_word' id='word_1_307' title='bbox 151 4280 155 4289; x_wconf 96' lang='grc'><strong><em>·</em></strong></span> <span class='ocrx_word' id='word_1_308' title='bbox 199 4248 270 4342; x_wconf 79' lang='grc' dir='ltr'><strong>νῆα</strong></span> <span class='ocrx_word' id='word_1_309' title='bbox 284 4241 531 4345; x_wconf 75' lang='grc' dir='ltr'><strong><em>κατειρύσθαι</em></strong></span> <span class='ocrx_word' id='word_1_310' title='bbox 548 4245 609 4320; x_wconf 86' lang='grc' dir='ltr'><strong><em>ιιαὶ</em></strong></span> <span class='ocrx_word' id='word_1_311' title='bbox 623 4245 799 4340; x_wconf 78' lang='grc' dir='ltr'><strong><em>ἐπαρτέας</em></strong></span> <span class='ocrx_word' id='word_1_312' title='bbox 812 4243 928 4334; x_wconf 82' lang='grc' dir='ltr'><strong><em>ἔμμεν</em></strong></span> <span class='ocrx_word' id='word_1_313' title='bbox 943 4239 1110 4336; x_wconf 84' lang='grc' dir='ltr'><strong><em>ἑταίρους</em></strong></span> <span class='ocrx_word' id='word_1_314' title='bbox 1116 4296 1130 4331; x_wconf 83' lang='grc'>,</span> 
     </span>
     <span class='ocr_line' id='line_1_36' title="bbox 198 4342 1073 4448; baseline -0.006 -26"><span class='ocrx_word' id='word_1_315' title='bbox 198 4355 238 4422; x_wconf 84' lang='grc' dir='ltr'><strong>οἳ</strong></span> <span class='ocrx_word' id='word_1_316' title='bbox 251 4343 296 4448; x_wconf 75' lang='grc' dir='ltr'><strong>δή</strong></span> <span class='ocrx_word' id='word_1_317' title='bbox 312 4379 379 4445; x_wconf 89' lang='grc' dir='ltr'><strong>μιν</strong></span> <span class='ocrx_word' id='word_1_318' title='bbox 396 4353 586 4447; x_wconf 75' lang='grc' dir='ltr'><strong><em>πέμψουσι</em></strong></span> <span class='ocrx_word' id='word_1_319' title='bbox 604 4346 709 4446; x_wconf 83' lang='grc' dir='ltr'><strong><em>φίλην</em></strong></span> <span class='ocrx_word' id='word_1_320' title='bbox 727 4351 761 4428; x_wconf 86' lang='grc' dir='ltr'><strong>ἐς</strong></span> <span class='ocrx_word' id='word_1_321' title='bbox 777 4342 938 4443; x_wconf 79' lang='grc' dir='ltr'><strong><em>πατρίδα</em></strong></span> <span class='ocrx_word' id='word_1_322' title='bbox 953 4350 1073 4437; x_wconf 75' lang='grc' dir='ltr'><strong><em>μαῖαν.</em></strong></span> 
     </span>
    </p>
   </div>
   <div class='ocr_carea' id='block_1_11' title="bbox 0 0 1426 4920">
    <p class='ocr_par' dir='ltr' id='par_1_11' title="bbox 0 0 1426 4920">
     <span class='ocr_line' id='line_1_37' title="bbox 0 0 1426 4920; baseline 0 6"><span class='ocrx_word' id='word_1_323' title='bbox 0 0 1426 4920; x_wconf 95' lang='lat' dir='ltr'><strong> </strong></span> 
     </span>
    </p>
   </div>
  </div>
 </body>
</html>
