2842 4920
426 334 899 399 nlssnnrtrlo
1150 342 1215 406 268
1302 325 1306 330 ’

109 528 168 617 qui
191 527 226 594 lu
253 533 454 617 argumento
478 535 519 593 et
533 479 633 593 auls.
659 525 692 596 l.
714 525 861 617 scripsit:
888 527 1009 600 ίστέον
1028 525 1112 600 δέ
1088 555 1148 600 οτι
1168 525 1259 602 οὐ

108 623 206 702 noro?
230 623 297 702 τύν
315 621 440 699 κοινιίν
461 621 612 720 λόγον’
594 655 632 700 εν
647 613 830 723 Καυκάσῳ
852 655 937 728 φησι
929 625 1192 703 δεδέσθαι
1144 657 1212 704 τον

109 733 342 829 Προμηθέα,
379 724 472 802 α’λλοί
469 723 582 852 πρύς
604 736 681 811 τοῖς
701 726 936 853 Εὐρωπαίοις
960 733 1117 826 τέρμασι
1141 729 1217 806 τοίί

15 841 17 844 ’
107 832 316 923 Ὠκεανοῦ,
344 831 388 913 είς
403 825 479 905 crr6
496 832 570 905 τοῖν
593 827 682 926 πρός
701 827 775 953 aph
790 828 852 906 'I6
871 837 1071 927 λεγομένων
1094 837 1209 917 ἔξεστι

109 940 320 1029 συμβαλεῖν.
374 935 472 1020 Quae
501 937 632 1004 tametsi
663 937 832 1004 verissime
854 937 944 1005 dicta
970 947 1063 1020 sunt,
1096 948 1208 1007 temen
1342 1020 1351 1029 x

108 1040 313 1131 quibusdam
336 1037 422 1106 falsa
441 1047 516 1106 sunt
536 1041 622 1127 risa,
648 1041 743 1107 unius
768 1039 893 1107 codicis
914 1041 1077 1164 scriptura
1097 1041 1208 1110 addu
1212 1048 1259 1117 12

108 1145 188 1229 ctis,
215 1166 302 1231 quae
316 1142 402 1209 haec
416 1151 483 1210 est:
510 1143 631 1215 ἰστέον
650 1140 709 1214 ὅτι
727 1147 765 1214 έν
782 1170 831 1235 τω
820 1137 1032 1237 Καυκσίσω
1047 1172 1133 1241 φησι
1127 1144 1205 1217 δε·

109 1247 242 1318 δέσθαι
257 1240 324 1318 τύν
340 1245 567 1372 Προμηθέα,
594 1239 682 1341 πρύς
695 1250 771 1324 τοῖς
778 1215 1018 1368 Εὐρωπαίοις
1027 1249 1153 1341 μέρεσι
1172 1247 1210 1321 δέ

108 1376 178 1420 του
164 1347 395 1436 Ὠκεανοῦ,
422 1346 484 1418 καί
498 1343 562 1417 οὐκ
579 1343 759 1436 σίλλαχου,
788 1375 832 1428 ως
854 1342 930 1419 666
950 1349 1022 1419 τείν
1025 1343 1128 1468 ⁸6969
1142 1343 1210 1446 τήν

108 1444 170 1524 Ιω
185 1453 317 1542 λεγοι’
282 1477 384 1522 ιενων
399 1451 517 1522 ἔνεστι
537 1453 703 1522 συνιδεῖν
737 1449 835 1517 Patet
850 1473 942 1535 vero,
970 1473 1010 1518 eo
1024 1453 1057 1518 in
1072 1452 1201 1520 scholio

108 1562 167 1622 aut
192 1554 406 1646 negationem
428 1553 584 1620 omissam
605 1576 695 1638 esse,
721 1563 779 1619 aut
802 1554 974 1643 scripsisse
995 1554 1209 1645 scholiastam

108 1683 178 1727 του
165 1649 393 1728 Καυκάσου
415 1677 481 1745 pro
501 1683 573 1728 του
556 1603 781 1727 ’.ίὶκεύινού.
832 1659 878 1723 Et
892 1655 959 1722 hoc
976 1639 1093 1725 suadet
1107 1658 1210 1725 scho-
1325 1743 1327 1746 Ι

108 1761 179 1827 lion
191 1758 269 1827 MS
285 1759 374 1831 adv
390 1757 502 1831 5635
492 1780 607 1848 inquo
619 1758 663 1824 de
675 1758 757 1826 lone
773 1758 909 1826 dicitur:
936 1753 1136 1856 κατήντησε
1151 1749 1221 1831 καί

109 1858 243 1935 saca*
221 1889 264 1957 ην
288 1859 308 1933 6
333 1855 557 1957 Προμηθεύς
576 1862 762 1952 δεδεμένος
778 1855 867 1955 πρύς
887 1867 963 1940 τοῖς
980 1858 1211 1956 Εὐρωπαίοις

107 1967 235 2058 μέρεσι
260 1991 327 2034 του
314 1958 565 2050 Καυκάσου,
592 1963 651 2034 καί
669 1961 740 2058 6ρᾷ
762 1958 875 2035 αὐτόν
892 1969 1002 2036 ε’κεισε
1025 1970 1209 2060 προςηλω-

107 2069 220 2157 με’νον
243 2071 280 2139 ἐν
303 2073 382 2146 ταῖς
404 2068 553 2161 πέτραις
576 2065 645 2137 τού
672 2064 788 2161 ὅρους.
844 2068 896 2133 Ex
926 2067 978 2133 his
1005 2067 1209 2159 intelligitur,

107 2170 199 2237 hunc
213 2169 437 2252 scholiastam,
465 2169 580 2257 quod'
571 2192 605 2236 ιιι
619 2167 774 2236 Caucaso
787 2171 960 2261 alligatum
977 2193 1050 2238 esse
1065 2171 1212 2243 Prome<
1243 2190 1245 2194 '

108 2273 225 2341 theum
242 2272 416 2361 crederet,
443 2294 524 2339 sane
540 2271 676 2361 quidem
690 2295 731 2341 co
751 2296 820 2362 quo
838 2275 891 2340 isti
909 2275 1025 2340 volunt
1038 2275 1141 2341 modo
1155 2274 1211 2342 lon

109 2375 187 2444 cum
220 2377 313 2442 illum
340 2376 596 2465 interpretatum
626 2399 716 2457 esse,
755 2377 849 2464 quod
878 2377 958 2442 fecit
992 2378 1092 2444 etiam
1128 2374 1230 2444 alius

108 2477 303 2548 scholiastes
319 2478 363 2545 ad
379 2502 409 2545 v.
434 2476 520 2550 717.
541 2489 575 2545 at
596 2500 683 2565 quae
699 2479 836 2546 tandem
856 2481 964 2544 malae
981 2487 1093 2568 potest
1109 2502 1211 2569 aper-
1248 2511 1252 2519 =

109 2592 210 2671 teque
231 2583 341 2650 verbis
364 2591 488 2672 poetae
511 2581 728 2672 repugnantis
751 2581 1030 2670 interpretationis
1054 2604 1125 2647 esse
1148 2603 1210 2647 au-

109 2685 269 2754 ctoritas?
281 2684 396 2752 Nihilo
410 2685 518 2752 minus
531 2707 606 2751 eam
620 2685 813 2750 sententiam
828 2683 1012 2751 defendere
1028 2706 1137 2773 nuper
1150 2705 1211 2750 co-

108 2799 206 2856 natus
227 2799 278 2856 est
297 2789 511 2855 Hermannus
524 2789 738 2877 Reinganum
754 2789 786 2854 in
798 2787 904 2855 Iahnii
919 2787 1104 2855 Annalibus
1120 2788 1212 2854 litte-

109 2893 202 2961 rariis
218 2916 248 2963 a.
269 2889 462 2958 1828.v01.
488 2891 529 2959 ll.
550 2891 630 2956 fasc.
649 2891 707 2956 lll.
724 2915 758 2980 p.
781 2889 867 2962 329.
893 2893 949 2980 qui
974 2914 1078 2980 quum
1097 2883 1212 2986 “²361le

109 2988 309 3069 Καύκασον
322 2993 367 3060 de
383 3013 515 3060 summo
527 2993 651 3059 vertice
665 2993 735 3082 iugi
751 2994 853 3080 illius,
879 2991 970 3059 cuius
983 2995 1046 3060 alia
1064 2994 1098 3059 in
1113 3001 1211 3082 parte

109 3099 266 3189 alligatus
286 3097 387 3164 fuerit
408 3092 654 3185 Prometheus,
690 3095 814 3162 dictum
838 3097 982 3186 statuit,
999 3096 1102 3183 idque
1129 3115 1211 3160 con-

107 3203 235 3270 firmari
248 3202 378 3293 putavit
390 3201 517 3286 verbis,
544 3221 631 3288 quae
648 3207 723 3266 suut
736 3223 767 3266 v.
783 3196 868 3266 846.

213 3350 350 3428 Νείλου
365 3346 454 3449 πρός
468 3348 569 3446 αὐτῷ
588 3344 745 3443 στόματι
764 3352 822 3423 καί
838 3343 1087 3448 προςχιιίματι,

110 3510 203 3598 ipse,
230 3528 332 3595 quam
352 3505 483 3573 diversa
505 3504 726 3592 confudisset,
757 3505 1020 3573 animadvertere
1041 3511 1210 3593 potuerat,

28 3696 32 3701 ς
111 3612 139 3679 si
160 3610 357 3701 cogitasset,
383 3608 441 3676 illo
457 3609 491 3675 in
507 3630 606 3676 versu
627 3632 696 3685 nou
717 3607 852 3681 Νείλου
871 3601 960 3703 πρύς
981 3602 1098 3677 αὐτοῦ
1124 3599 1213 3676 στο’-’

109 3740 204 3807 ματι
224 3736 297 3782 csse
319 3713 489 3803 scriptum.
542 3710 682 3779 Certum
698 3712 820 3802 igitur,
845 3712 1046 3798 minimeque
1070 3705 1212 3782 dubium

112 3825 177 3902 est,
212 3816 247 3883 in
277 3816 393 3883 fabula
417 3813 603 3910 superstite
618 3815 859 3883 Prometheum
885 3836 953 3881 non
982 3812 1017 3877 in
1048 3809 1211 3897 Caucaso,

19 3982 21 3987 ,
112 3917 174 3988 sed
190 3919 226 3987 iu
234 3919 396 4010 Scythiae
410 3927 507 4010 parte
522 3940 572 4003 ea,
587 3941 674 4006 quae
683 3919 841 3986 remotior
856 3941 877 3984 a
891 3915 1043 3984 Caucaso
1060 3914 1111 4001 sit,
1137 3913 1212 3982 rin-

112 4024 210 4090 ctum'
225 4023 299 4090 dici.
352 4023 474 4110 Neque
496 4021 675 4088 obscurum
694 4031 761 4105 est,
789 4044 848 4087 cur
863 4020 898 4088 id
913 4018 1043 4113 finxerit
1055 4017 1213 4107 Aeschy-

112 4127 174 4194 lus.
226 4128 323 4194 Loco
343 4126 431 4193 enim
454 4147 540 4215 opus
565 4135 636 4191 erat
657 4125 797 4217 propius
821 4122 864 4188 ad
882 4119 1057 4190 Oceanum
1072 4121 1150 4202 sito,
1178 4129 1213 4186 ut
1249 4167 1250 4171 ι
1371 4117 1375 4125 ’

112 4229 226 4296 mallei
243 4230 362 4296 ictibus
379 4252 420 4296 ex
435 4229 536 4294 antris
547 4228 612 4294 suis
624 4227 758 4295 excitari
767 4236 904 4318 possent
917 4224 1086 4317 nymphae
1099 4221 1213 4290 Ocea-

45 4365 48 4370 ·
114 4332 228 4418 nides,
253 4333 396 4424 ipseque
412 4354 454 4399 ex
474 4330 588 4398 abdita
601 4330 682 4399 sede
706 4353 764 4398 sua
782 4339 879 4422 pater
893 4329 1027 4396 evocari
1042 4320 1213 4395 Oceanus.
