2842 4920
155 344 199 415 ἰθ
498 348 557 410 DE
592 345 866 411 PARTICVLA
887 342 933 412 dr

88 554 90 559 ’
154 558 445 631 quorumcumque
463 547 656 632 temporum
680 539 763 624 sint,
795 547 908 606 tamm
937 547 1066 606 certum
1090 539 1285 630 quoddam,

154 653 291 733 tempus
316 642 378 709 sibi
406 645 586 734 proprium
609 643 774 728 habeant,
801 665 841 709 ac
864 652 1050 732 propterea
1069 643 1267 734 saepissime

103 832 107 841 ι
154 748 289 815 illorum
308 753 519 836 temporum,
545 769 689 836 quorum
708 745 802 812 modi
822 755 916 829 sunt,
942 745 1136 836 primariam
1160 748 1267 839 sigui-

154 849 347 918 ficationem
360 850 521 923 amittant.
573 851 620 918 Et
641 849 850 917 coniunctivo
865 849 1003 938 quidem
1018 850 1144 939 ubique
1159 851 1265 942 sigui-

154 953 267 1021 ficatio
290 952 452 1021 adhaeret
471 955 583 1022 futuri.
634 955 724 1021 Nam
745 952 871 1020 indicat
890 953 946 1020 ille
960 952 1098 1043 quidem
1112 954 1187 1021 lieri
1202 954 1267 1021 ali·

154 1057 253 1146 quid,
279 1057 449 1124 factumve
463 1080 553 1141 esse,
580 1057 701 1125 sedita
719 1054 861 1142 indicat,
887 1064 925 1123 ιιι
941 1057 1130 1147 exspectari
1145 1049 1266 1148 postu-

108 1236 112 1243 ,
153 1160 217 1245 let,
241 1159 349 1226 donec
364 1161 568 1250 experientia
580 1183 653 1228 rem
674 1160 885 1250 comprobet
938 1158 1043 1243 Quod
1062 1168 1175 1228 autem
1195 1182 1266 1228 non

154 1258 249 1330 aliter
261 1262 334 1331 fieri
347 1264 553 1331 censendum
571 1273 638 1352 est,
665 1284 768 1352 quam
781 1284 886 1352 quum
899 1263 973 1330 lieri
989 1264 1200 1355 cognoveris,
1227 1262 1266 1332 id

153 1387 261 1454 usque
290 1363 371 1433 dum
391 1369 595 1459 cognovisti,
621 1366 771 1434 noudum
794 1388 860 1456 pro
883 1367 974 1433 facto
999 1365 1119 1434 haberi
1139 1374 1263 1458 potest.

153 1467 206 1535 lta
232 1470 379 1560 exempli
405 1494 522 1538 caussa
545 1472 709 1567 γένηται,
746 1469 807 1536 etsi
831 1478 882 1537 est
909 1470 1080 1561 praeteriti
1101 1469 1264 1561 temporis

154 1571 401 1660 coniunctivus‚
426 1583 558 1663 tamen,
585 1574 664 1662 quia
688 1573 915 1641 coniunctivas
937 1582 1005 1660 est,
1038 1573 1141 1640 futuri
1174 1583 1264 1640 tem·

136 1675 246 1765 ·poris
270 1675 417 1765 aliquam
432 1676 709 1770 significationem
725 1676 846 1764 habet,
873 1686 907 1745 et
926 1675 1062 1766 quidem
1082 1677 1186 1744 futuri
1202 1698 1263 1743 ex*

153 1777 230 1850 acti.
284 1778 455 1863 Quoniam
477 1781 565 1848 enim
581 1779 718 1875 adrem
731 1780 893 1864 refertur,
920 1780 1012 1847 cuius
1032 1781 1152 1847 veritas
1171 1778 1263 1846 facto

112 1891 118 1910 ¹
153 1881 390 1972 cognoscenda
407 1883 464 1971 sit,
490 1881 574 1951 illud
587 1881 682 1972 quod
702 1904 744 1951 ex
764 1906 805 1950 ea
818 1905 855 1950 re
871 1891 909 1950 ut
931 1906 974 1951 ex
991 1883 1182 1952 conditione
1203 1905 1264 1951 sua

151 1983 301 2078 pendet,
329 2008 399 2053 non
413 1986 510 2054 aliter
526 1995 635 2053 ratum
656 1986 735 2070 erit,
762 2008 865 2074 quam
881 1987 1017 2078 cognita
1037 1987 1105 2054 iam
1125 1985 1264 2054 veritate

151 2089 201 2155 rei
218 2088 328 2171 istius,
356 2111 399 2157 ex
414 2111 481 2177 qua
493 2088 641 2179 pendet:
666 2111 697 2155 v.
714 2111 743 2156 c.
762 2082 871 2158 καλόν
886 2114 947 2160 τοι
961 2085 1093 2180 yloioo’
1108 2086 1181 2182 ὅτῳ
1198 2087 1269 2160 πί-·

153 2215 230 2268 orec
243 2190 344 2286 παρῇ
350 2215 361 2259 .·
388 2189 485 2260 bona
502 2199 558 2260 eat
573 2189 723 2260 dicendi
731 2188 929 2282 facultas,
956 2191 989 2258 ei
1004 2191 1063 2258 cui
1075 2190 1185 2284 fides
1204 2190 1264 2280 sit,

152 2293 173 2362 i.
191 2314 220 2358 e.
235 2302 274 2359 ιιι
285 2293 480 2384 explicatius
502 2294 622 2382 dicam,
645 2293 843 2362 laudanda
860 2301 917 2361 eet
931 2293 1080 2361 dicendi
1085 2291 1265 2387 facultas

151 2394 189 2463 iu
206 2416 259 2485 eo,
285 2396 322 2464 iu
338 2397 536 2490 quofidem
554 2420 632 2466 ease
646 2396 838 2490 repereris.
892 2395 948 2464 Sic
966 2397 1067 2464 etiam
1087 2419 1164 2464 cum
1177 2419 1263 2487 par-

150 2499 258 2567 ticulis
284 2501 449 2569 finalibus.
500 2501 590 2569 Nam
617 2507 676 2574 ἵνα
704 2499 889 2594 γίγνηται,
924 2505 983 2570 ἵνα
1008 2501 1156 2596 γένηται
1177 2523 1263 2591 pro-

149 2603 225 2696 prie
240 2604 447 2695 significant,
474 2604 613 2697 utfierr'
621 2655 631 2691 ,
657 2602 854 2696 olfactum
870 2624 949 2670 esee
963 2603 1181 2695 reperiatur.

256 2704 436 2798 Optativus
465 2717 577 2775 autem
605 2718 725 2775 natura
748 2729 807 2774 sua
835 2705 1006 2797 praeditus
1036 2714 1087 2773 est
1114 2704 1262 2795 quadam

151 2810 337 2900 praesentis
371 2799 549 2878 notatione.
603 2809 719 2894 Quum
749 2811 838 2878 enim
863 2809 1103 2901 cogitationem
1126 2809 1261 2877 alcuius

150 2911 291 2998 indicet,
325 2913 564 3002 cuiuscumque
586 2914 748 3004 temporis
771 2912 938 3003 optativus
960 2911 1016 2996 sit,
1042 2921 1262 3002 praesentem

150 3015 290 3107 intelligi
304 3017 456 3107 postulat
472 3018 711 3110 cogitationem
732 3039 774 3083 eo
788 3025 954 3107 tempore,
979 3016 1015 3081 in
1032 3015 1125 3104 quod
1147 3015 1262 3083 incidit

149 3120 217 3209 illa,
243 3140 347 3209 quam
369 3120 505 3209 indicat,
532 3121 701 3212 cogitatio.
753 3119 805 3187 lta
825 3128 981 3210 tempore
1002 3119 1082 3186 facti
1102 3117 1262 3187 differunt

149 3224 313 3315 γένοιτο,
339 3222 521 3316 γίγνοιτο,
558 3216 768 3318 γενήσοιτο,
798 3221 859 3289 sed
888 3223 1048 3313 cogitatio
1072 3219 1179 3310 haec,
1205 3222 1262 3289 fa-

151 3334 243 3391 ctum
260 3323 342 3413 quid
364 3348 457 3410 esse,
484 3324 538 3392 vel
557 3325 652 3410 fieri,
678 3324 732 3391 vel
748 3325 899 3392 futurum
921 3347 1011 3410 esse,
1038 3347 1080 3392 ea
1100 3347 1260 3416 praeseus

149 3424 346 3517 intelligitur
366 3450 407 3494 eo
429 3436 601 3518 tempore,
629 3426 673 3493 de
696 3448 764 3516 quo
785 3428 942 3516 loqueris.
996 3427 1042 3494 Vt
1066 3429 1093 3494 si
1114 3427 1159 3496 de
1177 3451 1262 3497 cou-

149 3530 223 3596 silio
244 3531 428 3620 cuiuspiam
452 3531 608 3620 loquare,
635 3539 728 3598 recte
747 3529 856 3613 dices,
884 3527 977 3610 ὅπως
997 3533 1163 3622 γένοιτο,
1191 3532 1261 3600 sive

125 3672 129 3679 ·
150 3629 313 3730 ἐποίησεν
328 3628 454 3720 addas,
480 3634 550 3702 sive
566 3637 687 3721 ποιοῖ,
714 3633 783 3701 sive
797 3627 950 3728 ποιήσει.

252 3736 360 3823 Hinc,
394 3747 432 3805 ut
456 3737 491 3804 id
513 3737 622 3804 obiter
649 3735 820 3821 adiiciam,
854 3745 1009 3826 apertum
1028 3745 1096 3822 est’,
1130 3758 1208 3821 cut,
1234 3733 1261 3802 si

149 3847 282 3929 tempus
298 3839 383 3907 illud
398 3841 550 3932 respicio,
578 3861 646 3928 quo
662 3839 774 3908 adhuc
797 3840 926 3907 futurus
948 3848 1000 3907 est
1023 3847 1162 3907 eventus
1178 3860 1261 3905 con·
1296 3856 1301 3873 ·

150 3941 230 4028 silii‚
259 3939 352 4022 ὅπως
366 3945 512 4041 γένηται
528 3943 673 4011 dicatur:
699 3942 790 4012 uude
811 3945 855 4028 si,
882 3943 975 4032 quod
988 3943 1190 4034 plerumque
1209 3942 1260 4028 fit,

148 4052 282 4135 tempus
299 4045 383 4113 illud
397 4047 432 4113 in
449 4052 562 4114 mente
577 4045 703 4130 habes,
729 4070 796 4136 quo
816 4048 890 4138 ipse
905 4046 1071 4135 loqueum,
1096 4054 1190 4113 recte
1206 4044 1261 4111 di-

150 4171 206 4215 ces
229 4153 328 4219 ποιεῖ
360 4159 394 4216 et
418 4143 584 4245 ποιήσει,
619 4145 713 4230 ὅπως
743 4152 904 4246 γένηται,
940 4149 1104 4245 ἐποίησεν
1135 4157 1260 4232 autem,
1299 4213 1301 4224 ,

150 4247 244 4330 ὅπως
268 4252 437 4349 γένηται,
471 4275 539 4320 nou
558 4252 670 4339 aliter,
701 4253 764 4320 nisi
787 4254 813 4320 si
836 4250 986 4320 noudum
1014 4251 1175 4320 eflectum
1199 4259 1260 4335 est,

149 4353 243 4443 quod
251 4355 324 4446 quis
338 4357 475 4424 volebat
485 4355 584 4429 effici.
611 4356 678 4425 Vbi
690 4365 802 4424 autem
814 4356 1048 4424 tantummodo
1061 4365 1211 4424 mentem
1226 4361 1261 4423 et
