2842 4920
438 364 440 369 ’
531 359 616 420 LIB.
641 359 695 422 lv.
737 358 834 422 CAP.
858 364 888 428 ⁷.
1203 367 1267 431 lm

154 549 288 624 λέοντα
304 543 391 622 ὅλον
398 576 413 640 ,·
439 546 512 620 Sed
528 549 594 618 alio
610 548 726 619 addito
739 548 905 618 vocabulo
919 550 1015 641 quod
1027 551 1072 620 ad
1088 550 1173 620 illud
1186 575 1264 622 ver-

110 684 115 689 ·
154 655 238 723 bum
260 650 447 744 pertineat,
473 674 686 745 praeponere
705 653 833 746 poteris
847 652 952 724 verbo
975 655 1191 747 particulam,
1218 665 1264 746 ut,

154 755 181 828 οἳ
204 761 282 837 τοῖς
297 752 419 843 ἄλλοις
435 751 481 827 ἄν
501 750 710 852 πράττουσι
729 748 890 851 μεγάλοις
904 755 950 829 ἄν
965 751 1170 855 ἐπιτιμῴης.
1196 760 1265 828 De·

153 859 279 933 mosth.
297 882 333 950 p.
354 854 469 946 1159,
492 858 551 928 14.
578 857 701 932 καίτοι
718 858 791 940 πῶς
809 856 856 930 οἷν
876 862 911 932 εἰ
927 855 983 958 μή
998 862 1265 955 πεπορισμένον

152 989 195 1036 τε
214 957 262 1059 ἦν
282 959 343 1034 nol
368 962 592 1058 ἐπηγγέλκειν
612 959 752 1048 αὐτοῖς,
784 955 897 1042 adduc
918 960 964 1034 ἄν·
988 958 1174 1056 ἀπέλαβον
1179 991 1194 1056 ,·
1225 965 1266 1032 ln

154 1062 314 1134 eumdem
344 1085 508 1153 errorem,
539 1065 574 1132 in
599 1088 701 1155 quem
730 1063 923 1153 wernerus,
958 1065 1058 1134 etiam
1083 1059 1264 1152 Personas,

153 1168 352 1236 adolescens
373 1166 530 1259 quidem,
556 1168 736 1254 inciderat,
762 1190 866 1259 quum
891 1167 1034 1238 Advers.
1056 1192 1092 1260 p.
1116 1167 1176 1240 43.
1195 1171 1264 1239 Au-

151 1269 299 1365 flphanis
321 1291 437 1340 versus
454 1269 548 1363 apud
565 1268 780 1343 Athenaeum
793 1294 831 1364 p.
851 1270 884 1338 3.
900 1271 940 1340 F..
959 1272 1165 1366 deputabat
1180 1274 1263 1342 son·-

151 1373 282 1444 bendos
299 1395 391 1442 esse:
501 1407 504 1414 ·

201 1523 274 1601 rod
298 1519 336 1600 δ’
363 1522 411 1599 οἷν
435 1551 492 1606 τις
516 1521 628 1600 ἄλλον
654 1519 745 1623 uode
770 1524 880 1615 θεοῖν,
905 1498 1039 1624 πάτερ,
1066 1523 1189 1606 odora?
1215 1525 1261 1601 οἳν

203 1627 351 1712 εὔξαιτο
377 1629 549 1702 πλουτεῖν
575 1623 744 1726 εὐπορεῖν
769 1655 812 1703 τε
831 1620 1087 1728 χρῄμοὶτων.*)

234 1928 265 2019 Ι*)
288 1933 399 2012 Vulgo,
419 1935 476 1994 τοῦ
496 1926 554 2016 γάρ
574 1954 620 2006 τις
641 1927 734 1996 ἄλλον
754 1927 832 2011 πρὸς
852 1933 940 1993 θεοῖν
967 1951 1024 2011 περ
1048 1921 1169 1992 οὕνεκα.
1200 1929 1260 1992 Sed

150 2020 239 2083 codd.
259 2041 322 2080 non
342 2017 456 2078 habent
476 2040 541 2098 περ.
572 2016 651 2078 Vide
672 1998 821 2076 Dindorfii
842 2013 981 2075 addenda
1002 2013 1042 2076 ad
1061 2013 1259 2092 Mhenaeum,

148 2107 202 2168 ubi
221 2124 299 2187 quae
323 2103 481 2185 proposita
503 2111 549 2162 eat
568 2104 758 2179 coniectura,
800 2099 1009 2182 posffiabenda
1034 2099 1108 2160 mihi
1133 2101 1258 2164 videtur

149 2193 193 2271 ei,
214 2211 292 2273 qnae
315 2190 348 2249 in
369 2187 611 2249 adnotationibus
632 2198 679 2250 est
699 2188 805 2248 allata:

313 2311 370 2373 τοῦ
388 2300 447 2391 γάρ
468 2331 513 2384 τις
534 2302 626 2373 ἄλλον
646 2303 722 2390 πρὸς
739 2309 826 2371 θεῶν
846 2299 886 2369 ἄν
908 2298 1027 2368 οὕνεκα.
