2842 4920
501 348 560 410 DE
593 346 868 410 Prnulcvtl
891 342 935 411 du

689 642 747 714 Vl.

299 793 365 867 De
393 793 563 866 omisso
589 793 642 868 ιῖν
661 804 868 889 propter
894 795 1031 867 aliod
1056 795 1122 871 ἄν.
1186 818 1189 823 ·

260 949 559 1035 Quemadmodum
581 949 719 1017 iteratur
737 948 783 1022 ἄν
807 949 841 1017 in
868 973 934 1019 una
957 952 1138 1041 sententia,
1164 949 1212 1019 ita
1234 950 1272 1019 in

158 1055 308 1122 oratione
323 1054 483 1122 membris
500 1052 700 1142 quibusdam
715 1051 868 1121 distincta
884 1076 953 1122 non
968 1076 1046 1122 raro
1060 1056 1096 1122 in
1110 1076 1178 1122 uno
1192 1064 1272 1122 tan-

158 1169 231 1227 tum
244 1158 397 1224 membro
408 1158 566 1248 ponitur,
591 1155 625 1223 in
640 1157 746 1224 altero
762 1165 874 1224 autern
889 1158 1061 1231 omittitur.
1115 1157 1222 1243 Quod
1242 1157 1271 1225 si

159 1261 290 1352 quaeris
318 1283 386 1348 qua
400 1260 574 1352 legefiat,
599 1282 653 1328 res
669 1259 744 1352 ipsa
761 1269 942 1347 monstrat,
969 1261 1017 1328 sic
1033 1260 1170 1328 demum
1185 1260 1271 1352 pos-

158 1388 205 1451 se,
232 1364 260 1432 si
283 1371 463 1453 utrumque
484 1363 675 1431 membrum
698 1362 744 1429 ad
770 1385 947 1432 commune
966 1364 1129 1454 quiddam
1150 1363 1271 1432 referri

157 1468 257 1552 licet,
282 1467 329 1534 ita
341 1476 396 1555 ut,
423 1467 450 1535 si
464 1466 660 1558 praemittas
680 1463 746 1554 ἄν,
773 1467 817 1534 ad
833 1475 1012 1556 utrumque
1024 1466 1168 1535 verbum
1186 1490 1290 1560 per-⁹

157 1570 270 1642 tineat.
316 1569 368 1638 Sit
382 1518 478 1637 irobis
494 1592 560 1661 pro
575 1570 795 1638 fundamento
814 1570 913 1639 huius
932 1571 1164 1663 disputationis
1183 1568 1288 1645 illud¹

156 1673 418 1767 Xenophontis'
409 1697 444 1740 ιιι
461 1673 612 1742 Hierone
629 1673 663 1760 7,
679 1672 736 1743 12.
753 1673 826 1753 πῶς
841 1666 911 1770 yolo
928 1673 975 1748 οἷν
995 1671 1049 1754 τίς
1063 1701 1154 1747 ποτε
1170 1677 1270 1769 itaq·

156 1778 271 1851 νέοιιο
285 1770 470 1900 τύραννος
496 1775 520 1872 ἢ
545 1770 732 1899 χρήματα
741 1776 887 1849 ἐκτίνων
916 1774 1022 1856 ὅσους
1050 1772 1271 1872 αρειλετο
1245 1802 1268 1872 η

158 1872 352 1971 δεσμους
326 1872 549 2007 αντιποέσχοι
567 1876 673 1960 ὅσους
673 1871 732 2000 δή
745 1880 976 1972 ἐδέσμευσιν,
1004 1879 1027 1977 ἢ
1043 1877 1149 1960 ὅσους
1165 1880 1270 1951 νωιτέ-

155 2009 265 2055 ιιτανε
284 1981 356 2062 πῶς
375 1979 421 2055 ἄν
438 1975 561 2061 ἱκανοῖς
582 1974 700 2074 ψυχοῖς
716 1975 1029 2077 οἷντιπαριέσχοιτο
1048 1977 1269 2055 ἀποθανου-

154 2087 284 2177 μέναςς
275 2084 396 2151 ·Prius
413 2086 485 2164 πῶς
500 2083 546 2156 ἄν
559 2084 604 2152 ad
620 2084 688 2151 duo
706 2084 851 2151 refertur
862 2087 985 2171 verba,
1011 2085 1161 2174 ideoque
1174 2092 1269 2153 recto

156 2195 190 2255 et
217 2185 334 2253 ordine
354 2186 497 2271 factum,
530 2193 584 2274 ut,
619 2194 780 2274 sequente
808 2185 931 2255 deinde
953 2187 1133 2273 divisione,
1159 2188 1270 2258 neutri

155 2289 199 2356 de
215 2288 347 2356 duobus
367 2311 454 2378 quae
469 2290 623 2381 proxima
638 2297 715 2355 sunt
727 2288 849 2374 verbis,
877 2290 1096 2381 ἐξαρκέσειεν
1114 2299 1147 2358 et
1162 2288 1269 2364 ἀντι·

154 2385 309 2482 πάσχοι,
336 2391 488 2460 additum
503 2392 561 2479 sit,
588 2392 649 2459 etsi
662 2393 773 2484 potuit
786 2392 867 2460 addi
889 2393 1032 2481 utrique.
1084 2393 1157 2462 Sed
1174 2392 1269 2485 quod

154 2494 276 2564 deinde
294 2495 444 2585 sequitur
464 2494 557 2584 πῶς,
582 2495 715 2563 inversa
734 2497 892 2564 orationis
908 2496 1020 2564 forma
1036 2519 1161 2565 novam
1181 2498 1269 2566 inoi·

153 2600 206 2693 pit
223 2601 436 2686 sententiam,
462 2622 573 2687 neque
596 2607 648 2667 est
665 2622 745 2692 pars
766 2623 1009 2692 praegressae3
1034 2600 1148 2691 itaque
1165 2602 1268 2670 etiam

154 2725 250 2770 snum
266 2700 368 2770 sibi
344 2730 389 2773 αν
407 2701 505 2769 adiici
519 2703 676 2793 postulat.
729 2703 828 2770 Nunc
843 2703 1016 2771 videamus
1036 2705 1111 2777 alia
1148 2704 1190 2773 In
1204 2726 1267 2773 eo-

106 2828 109 2835 ·
153 2804 233 2873 dem
256 2805 342 2871 libro
369 2803 437 2891 11,
466 2803 526 2872 11.
550 2805 713 2896 scriptum
737 2814 800 2874 est·
828 2803 913 2885 oicre
936 2803 980 2879 ου’
1005 2801 1122 2899 μόνον
1142 2811 1266 2902 φιλοῖο

153 2905 222 2997 ἄν,
250 2899 344 2981 α’λλοῖ
365 2905 424 2978 καὶ
443 2907 563 3030 ε’ρῷο
556 2904 606 2979 v‘rr
612 2901 863 3029 ’ἄνθρωπων
886 2937 946 2981 ιιι
966 2903 1053 2991 τούς
1068 2903 1199 2991 notorie
1222 2904 1266 2983 ori

152 3009 302 3108 πειρᾶν,
336 3004 429 3083 ἄλλοι
450 3002 676 3105 πειρωμενου
700 3006 765 3083 ὑπ’
787 3008 908 3084 αὐτων
932 3007 1129 3103 ἀνέχεσθαι
1158 3010 1205 3086 ἄν
1226 3038 1266 3085 σε

154 3114 240 3188 δέοι.
293 3113 429 3182 Scilicet
445 3114 481 3181 id
495 3111 623 3199 est,
594 3109 678 3194 ωςι”
693 3112 738 3185 υἳν
756 3111 801 3186 ου’
816 3109 934 3207 μόνον
953 3120 1074 3210 φιλοῐο
1090 3108 1183 3188 atto?
1204 3113 1266 3188 καὶ

153 3215 256 3312 ingnio.
308 3217 425 3285 Altera
447 3240 536 3298 nova
561 3218 722 3284 sententia
746 3226 813 3304 est,
847 3240 973 3286 novum
997 3216 1108 3286 sibi
1083 3247 1129 3291 αν
1152 3219 1267 3287 vindi-

153 3342 249 3405 cans,
276 3345 335 3389 aar
328 3317 469 3393 deor*
444 3347 489 3391 αν
503 3343 552 3391 σε
606 3318 801 3409 Sequuntur
820 3343 956 3413 prorsus
979 3322 1115 3390 similia.
1142 3315 1265 3417 φόβον

154 3421 192 3494 de'
218 3417 283 3493 oria
309 3418 355 3492 dr
386 3423 500 3511 ἔχοις,
535 3416 620 3494 ἄλλ’
646 3420 767 3502 ἄλλοις
792 3425 964 3519 παρέχοις
985 3419 1039 3521 μή
1059 3453 1098 3498 τι
1121 3418 1264 3522 πιίθης·

153 3518 301 3603 ἑκόντας
322 3523 360 3595 δὲ
379 3516 465 3604 τους
486 3525 774 3615 πειθομένους
753 3551 847 3614 εχοις
869 3525 933 3607 ἄν,
967 3526 1027 3599 καὶ
1049 3528 1265 3609 ἐθελουσίως

153 3626 222 3701 σου
236 3626 491 3748 προνοοῦντας
514 3624 660 3720 θεῷο
634 3654 690 3699 αν.
719 3627 745 3698 Ι.
766 3651 794 3695 e.
811 3622 931 3722 φόβον
956 3625 1038 3702 δ’*
1013 3659 1059 3702 οιν
1084 3626 1148 3703 οὐκ
1169 3631 1265 3721 ἔχοις

153 3723 246 3802 ἄλλα
266 3730 446 3825 παρέχοις.
497 3698 684 3818 Sequitur
675 3741 796 3798 iterum
815 3755 903 3800 nova
923 3735 1083 3801 sententia
1106 3756 1185 3801 οιιιιι
1202 3756 1265 3803 suo

152 3830 216 3916 ἄν,
243 3856 331 3923 quae
350 3833 482 3902 induas
498 3843 611 3926 partes
632 3833 756 3918 divisa,
786 3835 885 3903 etiam
905 3837 939 3903 in
956 3838 1061 3904 altera
1076 3845 1174 3928 parte
1196 3837 1265 3905 ha-

151 3934 253 4002 bet
229 3963 294 4015 αν,
321 3959 389 4025 quo
405 3947 539 4030 poterat
553 3960 679 4010 carere.
717 3939 837 4006 Paullo
854 3939 1022 4009 difficilius
1038 3941 1197 4008 iudicium
1213 3948 1265 4009 est

153 4037 196 4106 de
210 4040 369 4130 proximis
389 4042 514 4110 verbis.
542 4068 574 4113 ει
568 4042 632 4113 'de'
642 4068 698 4122 τις
714 4040 927 4123 κίνδυνος”
890 4070 963 4165 ειη,
992 4039 1036 4116 οὐ
1050 4040 1266 4137 συμμάχους

151 4134 268 4235 μόνον
293 4135 385 4214 ἄλλοῖ
411 4143 469 4215 καὶ
497 4137 708 4236 προμάχους
730 4144 788 4214 καὶ
817 4140 1081 4240 προθύμοιῧς
1059 4139 1174 4244 ορῴης
1205 4144 1264 4231 ἄν,

151 4243 293 4317 πολλῶν
320 4244 389 4337 μὲν
417 4246 557 4342 δωριυῖν
582 4240 811 4338 ἀξιούμενος.
848 4275 911 4321 σοι
941 4245 1091 4346 α’πορων
1121 4246 1213 4323 δὲ
1189 4276 1264 4346 στρ

151 4343 294 4422 τούτων
315 4343 457 4441 ιύμενει
446 4343 716 4442 μεταδώσεις,
742 4376 881 4433 παντως
905 4352 974 4444 μὲν
1001 4349 1265 4451 συμχαίροντας
