2842 4920
200 378 265 441 226
565 370 938 433 EMENDATIONES

202 588 304 655 quum
324 562 480 653 plerique
495 557 607 627 libri
585 559 675 653 νπὲρ
691 555 873 655 Εὐρώταο
891 587 966 655 ooo
976 557 1131 648 ὄχθαις
1145 562 1305 653 habeant,

201 691 316 736 veram
337 665 536 794 scripturam
560 686 632 730 esse
662 663 856 731 existimo
839 691 881 736 ιιι
891 655 1101 758 Ε’ὐριόιαο
1127 669 1305 767 ῥεέθροις.

199 771 281 838 Eius
298 779 331 836 et
356 765 445 859 ὑπὲρ
468 775 502 833 ct
521 792 621 860 παρα
613 759 824 855 explicatio
846 776 906 839 est
958 764 1032 832 Nec
1046 767 1203 858 profecto
1225 781 1306 865 apte

202 872 267 941 dici
284 871 395 964 potuit
414 869 476 937 sub
493 867 589 936 undis
606 867 756 943 Eurotae
767 890 890 936 moran
880 868 1048 937 Helena.

304 973 345 1041 V.
367 969 452 1039 959.
480 970 606 1040 scribe:

246 1156 302 1224 μη
295 1122 456 1254 despair
470 1117 659 1215 γονόινιος
677 1127 720 1195 io
728 1117 932 1217 E'ripor'wo
952 1125 1114 1247 ῥεέθρων

252 1231 451 1325 νηχομένην
468 1220 644 1320 ἐκάλυψεν
661 1221 886 1323 ναοβρυχίην
900 1250 941 1298 ca
954 1221 1099 1323 γαλήνη.

106 1453 108 1458 .
198 1384 245 1451 Et
260 1380 390 1474 διεοοῖν
404 1379 541 1469 quidem
559 1377 735 1449 Gracfium
750 1400 888 1467 quoque
902 1379 1086 1449 correxisse
1100 1378 1220 1464 video,
1247 1382 1309 1468 qui

19 1486 24 1495 '
200 1487 301 1554 etiam
317 1479 377 1558 ἐπ’
400 1483 434 1551 in
457 1476 521 1553 ὑπ’
541 1481 711 1571 mutabat,
737 1482 921 1579 normale,
953 1481 1014 1555 sed
1030 1491 1168 1574 praeter
1183 1505 1306 1551 neces-

200 1591 346 1668 sitatem,
373 1593 408 1652 et
423 1584 529 1652 minus
544 1577 692 1652 venuste.

301 1690 339 1757 ln
364 1688 420 1773 iis,
455 1710 542 1776 quae
572 1711 602 1754 ι.
634 1684 720 1758 36³.
744 1686 840 1776 seqq.
864 1685 1114 1755 mendosissime
1136 1687 1306 1779 leguntur,

201 1793 351 1883 quamvis
373 1789 623 1865 acutissimasit
648 1789 777 1859 Graefii
799 1789 1005 1875 emendatio,
1033 1800 1145 1861 tamen
1163 1813 1205 1857 ea
1223 1790 1307 1859 mibi

200 1921 277 1983 non,
298 1905 334 1964 ut
347 1895 423 1987 ipsi,
439 1892 625 1963 certissima
637 1891 788 1983 videtur.
805 1893 895 1962 Nam
909 1916 1012 1984 quum
1028 1893 1075 1973 ita
1087 1893 1187 1963 scribi
1199 1893 1306 1980 iubet,

750 2042 984 2119 οἷναιιλίνασνι
1005 2045 1043 2116 δὲ
1059 2038 1181 2138 daupein

129 2165 132 2170 '
253 2147 386 2227 ὕπνος,
411 2147 504 2232 ιἰιιί,
534 2139 717 2218 θανᾶτοιο
733 2147 1010 2239 οννέμιιορος
968 2172 1071 2266 scorp
1089 2141 1249 2246 ἐινχθη,

149 2249 198 2318 22
252 2247 387 2377 qumis,
415 2243 590 2345 α’νανιιαίη
607 2241 731 2342 ξυνήια
744 2242 870 2320 πάντα
885 2240 1066 2336 λαχόντα,

224 2355 337 2485 ἔργα
355 2352 615 2449 ιιαλαιοιέροιο
631 2343 863 2447 κασιγνήτοιο
882 2343 1042 2434 tauron,

199 2507 346 2601 primum
367 2502 563 2596 impeditior
589 2503 676 2570 baec
700 2511 864 2571 structura
888 2502 1069 2571 verborum
1099 2513 1167 2584 est
1203 2530 1306 2596 quam

199 2634 267 2700 qua
282 2610 351 2676 hoc
367 2631 475 2713 genus
492 2613 669 2697 poetarum
690 2596 737 2674 uti
758 2605 862 2690 solet;
890 2605 1012 2673 deinde
1028 2615 1140 2675 autem
1152 2604 1305 2682 ovante-

201 2739 323 2792 οασιε,
350 2733 437 2797 quae
463 2709 557 2776 verbi
582 2711 693 2776 forma
717 2709 961 2798 frequentativa
981 2719 1050 2796 est,
1077 2711 1240 2780 abhorret
1261 2714 1305 2780 ab

198 2815 296 2882 huius
309 2813 375 2881 loci
389 2813 527 2883 ratione.
582 2810 696 2896 Quare
712 2812 812 2897 mihi,
837 2834 925 2900 qnae
942 2835 1020 2879 cum
1037 2761 1105 2881 boc
1126 2815 1305 2906 participio

200 2915 428 2986 cohaerebant
450 2914 572 3000 verba,
599 2913 717 2983 deesse
740 2915 905 2986 videntur.
958 2915 1039 2982 ln‘’
1018 2938 1056 2983 us
1078 2926 1192 2986 autem
1217 2941 1303 3007 quae

200 3028 402 3111 sequuntur,
430 3018 456 3085 si
473 3028 610 3108 praeter
630 3020 750 3113 ιῖιιιρ,
777 3017 870 3107 quod
890 3026 983 3087 recte
1002 3041 1023 3084 a
1043 3017 1183 3088 Graefio
1204 3023 1303 3090 resti-

199 3135 325 3208 tutum,
351 3121 567 3212 participium
584 3120 684 3188 duale
697 3133 898 3212 reponatur,
925 3121 1036 3189 omnia
1047 3123 1152 3213 plana
1165 3134 1252 3205 sunt.

252 3273 361 3352 ὕιινος
378 3279 452 3345 dore
446 3264 651 3345 ’θανάτοιο
649 3275 895 3399 ουνέμιιορος
909 3273 1009 3368 ιῖιιιρ
1027 3267 1200 3373 ἐτύχθη,

253 3375 363 3468 ἄμφω
381 3370 557 3468 α’ναγιιαίη
573 3367 697 3471 ξυνήϊα
712 3369 835 3448 odoro
849 3369 1004 3464 λαχόντι

120 3536 123 3544 ,
252 3481 338 3575 ἔργα
354 3478 614 3595 παλαιοτέροιο
629 3471 862 3570 κασιγνήτοιο
880 3469 1031 3550 διώκειν

200 3634 358 3717 Dixerat
392 3628 453 3697 nisi
475 3629 591 3715 fallor,
623 3629 843 3725 Hermionam
869 3653 986 3701 somno
1010 3655 1213 3725 oppressam
1235 3640 1301 3701 tam

126 3747 128 3760 “
200 3739 287 3822 alto,
315 3745 351 3803 ut
370 3734 397 3802 si
420 3743 552 3800 mortua
574 3743 679 3820 esset,
712 3735 861 3802 iacuisse.
914 3736 1013 3811 Nunc
1035 3734 1146 3803 addit:
1173 3735 1302 3804 namsi

201 3841 349 3910 Somnus
378 3859 491 3906 comes
512 3835 634 3906 Mortis
657 3845 724 3921 est,
750 3838 868 3906 ambos
893 3847 1045 3929 oportet,
1072 3839 1184 3906 omnia
1207 3861 1301 3909 com-

202 3943 312 4009 munia
330 3952 465 4024 nactos,
492 3940 625 4007 maioris
639 3938 748 4008 fratris
765 3941 878 4009 facere
892 3941 1015 4012 officia.

302 4043 344 4109 V.
361 4039 445 4110 375.
468 4043 568 4111 Hunc
581 4066 716 4111 versum
727 4067 796 4112 nou
813 4067 873 4112 suo
890 4045 967 4112 loco
982 4044 1052 4137 legi
1067 4051 1224 4143 apertum
1241 4052 1300 4115 est.

201 4148 323 4237 Neque
335 4145 416 4212 illud
432 4145 572 4213 dubium
586 4146 733 4232 videtur,
761 4148 830 4216 eius
846 4148 924 4216 loco
939 4147 1030 4215 aliud
1046 4146 1127 4237 quid
1141 4148 1302 4238 scriptum

101 4291 106 4300 ·
200 4250 311 4319 fuisse.
365 4248 444 4315 Hoc
459 4271 539 4315 vero
552 4250 692 4336 mirere,
720 4250 812 4340 quod
826 4274 893 4318 non
909 4251 1215 4318 animadverterunt
1230 4250 1300 4317 VV.

199 4354 275 4422 ul).
282 4353 346 4421 isto
353 4374 450 4421 versu
464 4353 713 4443 perorationem
724 4354 824 4422 totius
839 4353 993 4424 carminis
999 4355 1158 4447 incipere.
1188 4353 1301 4438 Quare
