2842 4920
159 376 210 453 ss·
500 371 558 433 ua
595 369 868 433 sunutcvm
892 366 931 435 av

37 596 42 602 ·
160 585 266 654 quum
286 563 403 653 multi,
433 562 529 653 quod
546 563 750 654 plerumque
773 564 848 633 lieri
861 554 1038 651 siderent,
1064 563 1190 654 ubique
1215 565 1274 634 fa-

160 667 319 736 ciendum
341 667 444 735 fuisse
469 667 703 737 existimarent.
755 667 834 752 Qua
857 668 1015 760 opinione
1037 666 1120 736 nihil
1142 669 1176 735 in
1197 678 1274 740 arte

161 771 276 840 critica
300 770 442 863 cogitari
458 778 572 863 potest
585 770 813 862 perniciosius.
867 768 1110 856 Quaerendum
1131 780 1182 840 est
1201 796 1273 864 po-

159 876 244 962 tius,
269 883 381 944 utrum
403 873 486 963 quid
500 874 703 956 necessario,
730 896 772 942 an
789 897 851 943 usu
867 874 1017 964 quodam
1031 884 1066 942 et
1087 885 1273 945 consuetu-

62 1010 66 1017 ·
160 978 315 1065 diuefiat,
334 979 539 1067 omninoque
548 1000 685 1046 caussae
692 978 785 1068 prius
794 988 869 1046 sunt
882 975 1147 1070 investigandae,
1166 1002 1272 1071 quam

159 1083 299 1175 regulae
313 1081 576 1153 constituendae.
629 1081 677 1149 Et
687 1081 754 1148 hac
770 1081 909 1169 quidem
922 1082 958 1150 iu
972 1105 1026 1167 re,
1048 1081 1082 1147 iu
1098 1105 1166 1171 qua
1181 1106 1272 1152 nunc

161 1207 349 1271 versamur,
374 1184 548 1253 illudente
563 1185 675 1252 omnia
694 1184 877 1253 videndum
898 1196 967 1272 est,
993 1185 1075 1274 quid
1091 1186 1147 1264 sit,
1175 1188 1273 1274 quod

160 1288 301 1358 dicimus
316 1289 424 1355 omitti
437 1288 646 1379 particulam.
682 1288 799 1355 Potest
815 1289 904 1356 euim
924 1288 1102 1380 dupliciter
1118 1290 1270 1382 intelligi.

159 1393 249 1461 Nam
269 1401 327 1459 aut
348 1391 431 1459 nihil
451 1390 573 1459 mutmi
593 1391 789 1458 senteutiam
810 1403 967 1483 putamus
990 1392 1140 1459 detracta
1160 1394 1271 1484 parti-

159 1495 245 1581 cula,
268 1504 326 1562 aut
337 1495 459 1562 mutari
475 1494 623 1584 quadam
635 1495 775 1566 ratione.
812 1494 944 1579 Quodsi
957 1495 1039 1563 nihil
1052 1498 1176 1563 mutari
1189 1520 1271 1564 seu·

157 1599 296 1666 tentiam
318 1599 485 1686 volemus,
511 1606 604 1666 recte
633 1598 770 1687 quidem
799 1599 995 1689 loquemur,
1029 1622 1134 1687 quum
1161 1601 1271 1667 omitti

24 1718 27 1725 '
156 1702 358 1795 particulam
378 1702 548 1788 dicemus,
576 1701 637 1769 sed
661 1702 905 1771 committemus
928 1712 1042 1770 tamen
1056 1703 1181 1791 aliquid
1205 1703 1270 1770 ab-

158 1806 268 1891 surdi,
296 1805 374 1895 quia
398 1806 424 1870 si
448 1804 614 1894 particula
629 1804 757 1892 aliquid
770 1814 883 1872 tamen
896 1805 1070 1896 significat,
1096 1805 1179 1873 uilril
1193 1831 1270 1874 eam

157 1909 345 2000 siguificare
365 1928 504 1974 necesse
526 1914 630 1993 esset,
657 1906 684 1974 si
698 1905 840 1996 perinde
860 1917 963 1996 esset,
990 1916 1102 1976 utrum
1121 1910 1269 1979 addere-

155 2020 211 2079 tur
225 2035 269 2079 au
286 2010 505 2078 omitteretur.
557 2009 618 2078 Sin
637 2010 760 2076 mutari
779 2012 957 2080 omissione
969 2013 1156 2104 particulae
1171 2014 1270 2082 vole-

155 2137 231 2182 mus
259 2111 474 2197 senteutiam,
521 2111 628 2178 omitti
659 2113 860 2202 particulam
889 2136 956 2181 uon
985 2123 1079 2181 recte
1106 2113 1268 2201 dicemus,

88 2218 90 2223 ’
156 2217 253 2306 quia,
279 2216 339 2282 ubi
359 2236 427 2282 non
446 2212 530 2281 illud
551 2212 809 2306 significandum
830 2223 895 2300 est,
922 2216 968 2283 ad
990 2216 1083 2304 quod
1105 2237 1192 2307 opus
1217 2230 1269 2287 est

153 2319 337 2412 particula,
363 2317 483 2386 abesse
496 2340 571 2385 eam
584 2319 811 2387 necessarium
827 2326 893 2406 est,
920 2328 1038 2386 utnon
1054 2320 1178 2405 omitti,
1205 2321 1267 2392 sed

153 2445 223 2492 non
236 2419 395 2514 ponenda
411 2444 485 2490 esse
509 2420 653 2490 dicenda
667 2422 717 2490 sit
770 2422 888 2511 ltaque
904 2444 1009 2512 quum
1023 2422 1149 2489 utrovis
1161 2424 1267 2492 modo

154 2527 320 2596 absonum
340 2525 396 2613 sit,
422 2526 581 2594 omissam
598 2524 665 2592 dici
682 2526 898 2616 particulam,
925 2524 1107 2594 videndum
1126 2549 1171 2593 an
1194 2535 1267 2594 ter-

154 2632 201 2699 tia
215 2629 384 2722 quaedam
404 2631 489 2697 ratio
507 2630 732 2717 relinquatur,
758 2651 826 2717 qua
843 2630 916 2697 iure
937 2628 1002 2697 dici
1023 2630 1131 2721 possit
1148 2631 1265 2698 omitti.

153 2733 218 2801 Est
236 2755 319 2801 vero
338 2733 394 2800 ita.
447 2733 536 2800 Nam
552 2731 674 2814 mutari
694 2733 890 2800 sententiam
903 2755 1009 2821 quum
1022 2732 1181 2824 dicimus,
1209 2743 1266 2802 aut

152 2837 256 2929 plane
267 2835 362 2904 aliud
378 2835 588 2925 quiddicere
600 2857 695 2922 eum,
719 2836 777 2924 qui
793 2836 959 2926 loquitur,
985 2835 1182 2921 iudicamus,
1208 2847 1266 2905 aut

93 2989 97 2995 -
152 2939 244 3008 idem
259 2939 414 3031 quidem,
441 2939 504 3008 sed
517 2963 595 3008 cunr
614 2940 682 3008 levi
698 2939 810 3029 aliquo
828 2949 863 3007 et
884 2939 978 3030 quod
993 2962 1060 3007 non
1080 2941 1196 3032 magni
1208 2965 1264 3009 re-

152 3043 241 3111 serat
254 3042 443 3112 discrimine
456 3043 580 3111 dicere.
632 3042 680 3110 Et
694 3041 761 3113 hoc
782 3041 920 3133 quidem
931 3065 1037 3133 quum
1052 3044 1108 3130 fit,
1134 3053 1172 3111 ut
1185 3068 1264 3112 sen-

151 3149 257 3216 tentia
277 3155 412 3215 maneat
431 3147 569 3234 eadem,
594 3162 785 3239 parumque
809 3148 955 3232 intersit,
988 3156 1099 3214 utrum
1120 3147 1265 3215 addatur

152 3273 195 3317 an
219 3251 408 3335 omittatur,
442 3259 515 3318 tum
536 3271 618 3333 vero
638 3257 731 3317 recte
754 3249 867 3316 licebit
888 3250 1045 3317 omissam
1066 3250 1141 3318 dici.
1193 3251 1264 3318 Ita-

152 3375 220 3441 que
235 3352 323 3419 hanc
346 3374 484 3423 omnem
505 3351 764 3443 disputationem
781 3351 914 3420 induas
931 3361 1045 3445 partes
1064 3352 1263 3441 dividemus,

152 3476 295 3545 quarum
309 3455 344 3521 in
364 3455 481 3547 priore
502 3454 545 3523 de
568 3455 735 3546 particula
755 3457 943 3524 necessario
962 3457 1104 3543 omissa,
1125 3458 1147 3528 i.
1167 3480 1197 3528 e.
1220 3480 1263 3525 ne

150 3557 311 3650 ponenda
333 3558 492 3649 quidem,
519 3559 555 3628 iu
578 3560 684 3628 altera
702 3558 747 3627 do
764 3581 833 3628 uon
852 3561 1039 3629 necessaria
1064 3561 1135 3630 eius
1157 3562 1263 3630 omis-

151 3662 418 3732 siouedicemus.
973 3671 977 3684 '

663 3867 738 3937 ΧΠ.

151 4019 217 4090 De
240 4018 506 4090 indicativo
531 4019 781 4110 particula
814 4019 868 4093 ἄν
892 4020 963 4090 vel
984 4018 1060 4094 sis
1093 4043 1260 4091 neces-

458 4156 462 4163 ·
529 4140 870 4214 sarioomissa.
922 4233 925 4238 Ι

251 4273 409 4369 vulgaris
431 4283 483 4345 est
514 4276 649 4370 opinio,
682 4278 789 4348 verba
814 4276 997 4370 quaedm,
1038 4286 1076 4346 ut
1105 4274 1260 4374 ὤφελον,

151 4381 320 4477 ἔμελλον,
353 4378 480 4477 ἐχρῆν,
513 4380 606 4468 ἔδει,
632 4381 827 4482 προςῆκεν,
853 4387 888 4452 et
910 4381 992 4470 alia,
1019 4402 1135 4450 carere
1156 4403 1261 4475 posse
