2842 4920
150 354 215 417 884
286 348 436 410 SEPTEM
457 346 611 407 APERTA
632 345 783 406 OPEnTn
802 344 860 408 ΔΡ.
877 346 1122 407 nnscmvn.

152 541 191 609 lis
207 536 330 621 offusa,
354 560 423 607 non
435 538 591 608 viderunt
605 560 657 623 ee,
674 558 762 626 quae
778 538 951 639 quomodo
967 539 1074 607 latere
1087 538 1261 628 potuerint

152 644 258 712 multo
281 641 447 710 difficilius
473 640 656 732 intelligas,
696 662 798 729 quam
820 640 996 731 quomodo
1027 641 1259 717 animadverti.

153 747 316 917 ἑιίιὲρίκοι
332 745 470 839 singulis
493 743 615 813 fabulis
634 753 759 836 poetae
781 767 885 813 unum
906 744 1045 835 aliquod
1064 745 1261 836 exemplum

693 1024 828 1120 ¹

258 1205 298 1273 ln
324 1200 531 1271 Prometheo
553 1213 737 1295 postquem
758 1222 781 1270 ο
805 1204 903 1272 nobis
932 1204 1150 1273 observatum
1180 1213 1261 1291 erni,

156 1331 244 1400 quae
265 1306 379 1376 abhis
400 1305 533 1391 verbis,
566 1303 637 1379 ὕπο
661 1307 699 1379 δέ
724 1297 974 1404 κηρόπλαστος
1000 1304 1128 1402 ὀτοβεῖ
1154 1301 1263 1390 δόναξ

156 1437 187 1481 v.
216 1407 303 1479 576.
346 1410 522 1501 leguntur,
561 1408 600 1477 iis
633 1409 863 1501 respondere,
909 1432 999 1499 qnae
1032 1420 1217 1501 sequuntur
1242 1435 1263 1478 a

156 1538 188 1584 v.
203 1510 290 1584 595.
316 1513 456 1581 ridiculo
477 1510 627 1601 quodem
646 1512 750 1582 modo
768 1513 957 1581 conturbati
976 1523 1052 1582 sunt
1070 1516 1174 1583 critici
1191 1515 1263 1582 dis-

148 1616 329 1710 ‚crepantia
355 1638 590 1702 numerorum,
630 1638 720 1706 qnae
751 1616 839 1684 inter
865 1615 929 1685 hes
955 1640 1069 1687 versus
1096 1627 1166 1706 est,
1206 1618 1263 1707 qui

158 1731 235 1790 sunt
259 1715 490 1789 579-581.

249 1869 300 1945 τί
324 1873 418 1951 ποτέ
439 1866 495 1964 μ’,
524 1863 553 1943 d
577 1864 719 1965 Κρόνιε
745 1870 830 1959 nei,
856 1869 897 1943 τί
920 1898 1035 1960 ποτε,

259 1972 300 2048 τί
322 2000 414 2047 ποτε
433 1966 552 2054 ταῖςδ’
570 1975 746 2059 ἐνέζευξας
772 1966 886 2070 εὗρόν

261 2073 503 2173 ἁμαρτοῦσαν
529 2074 569 2150 όν
594 2082 835 2174 σημοναΐσινς
859 2077 931 2151 ii·

159 2239 193 2297 et
218 2250 333 2297 verens
359 2223 582 2296 598-6ee

260 2373 467 2456 θεόσσυτον
493 2378 532 2453 δέ
558 2370 668 2452 νόσον
695 2370 906 2472 ον’νόμασος,

261 2481 288 2557 ό
312 2480 485 2579 μαραίνει
509 2509 557 2576 με
576 2480 730 2578 χρίουσα

260 2588 445 2684 κέντροισι
469 2587 686 2681 φοιταλέοις.
716 2586 738 2660 ἔ
763 2582 792 2659 ἔ.

159 2741 357 2833 scripturae
382 2741 474 2809 nulle
495 2738 725 2809 memorabilis
746 2736 919 2805 diversitas
941 2744 1012 2823 est,
1042 2757 1146 2824 quam
1170 2733 1265 2825 quod

160 2842 237 2912 cod.
254 2842 371 2916 Guelf.
388 2849 584 2941 πημοναῖς,
611 2851 645 2911 et
658 2842 727 2910 duo
744 2840 845 2909 codd
862 2838 1009 2913 Vindob.
1024 2840 1187 2934 κέντροις
1201 2836 1266 2905 hn-

160 2947 251 3015 bent.
303 2946 452 3034 Mirum,
478 2969 519 3013 ec
541 2947 653 3038 potius
678 2943 873 3013 incredibile
896 2952 962 3031 est,
987 2965 1072 3033 quas
1093 2940 1265 3009 machinas

159 3052 222 3120 viri
240 3049 333 3119 docti
357 3049 636 3142 excogitaverint,
669 3057 707 3117 ut
730 3047 817 3116 haec
835 3049 870 3115 in
886 3046 1040 3116 ordinem
1060 3043 1264 3138 redigerent

159 3154 206 3223 Et
225 3164 340 3222 lamen
357 3154 412 3223 vel
426 3152 619 3245 adspexisse
638 3151 703 3222 hos
720 3174 833 3222 versus
849 3151 927 3221 satis
944 3159 1015 3235 est,
1041 3157 1078 3216 ut
1098 3148 1264 3241 intelligas

161 3258 211 3326 sie
225 3281 300 3328 esse
316 3257 528 3327 scribendos:
626 3286 628 3291 ·

263 3408 302 3483 τί
331 3411 425 3483 ποτέ
447 3404 512 3502 μ’,
538 3401 728 3505 ιόΚρόνις
750 3412 836 3485 παῖ,
868 3405 908 3478 τί
928 3432 1019 3479 ποτε
1045 3399 1162 3486 τσῖςδ’

263 3513 441 3600 ἐνέζευξας
467 3504 581 3607 εὗρόν
607 3509 847 3607 α’μαρτοῦσαν
870 3515 910 3582 έν

263 3608 489 3713 πημοσύναις
496 3642 511 3706 ,·
536 3614 558 3689 ἕ
580 3614 607 3689 ἕ.

161 3779 211 3839 etz

130 3960 133 3965 ’
266 3914 449 3997 θεόσυτον
476 3920 515 3994 δι’
540 3913 673 3994 νοόσυν
696 3911 953 4009 ω’νόμασας,ἂ

263 4022 436 4121 μαραίνει
462 4050 510 4117 με
537 4021 689 4120 χρίουσα
717 4022 877 4117 κέντροις
903 4018 969 4071 **

266 4127 483 4222 φοιταλέοις.
517 4126 539 4200 ἔ
561 4126 588 4200 ό.

161 4281 331 4350 Incertum
352 4282 386 4349 in
405 4279 459 4348 his
479 4287 545 4364 est,
572 4278 777 4349 excideritne
804 4272 930 4364 aliquid
948 4271 983 4340 in
1008 4265 1265 4360 antistrophieis,

162 4410 205 4456 en
226 4407 291 4479 pro
312 4384 472 4483 κέντροις
493 4383 558 4452 niie
579 4383 704 4474 scripte
716 4380 818 4458 fuerit
834 4400 916 4462 vox,
937 4384 975 4444 ut
993 4366 1266 4485 κεντριόμασινς
