2842 4920
561 335 647 397 LIB.
669 337 721 399 1v.
766 337 862 399 CAP.
884 341 913 403 1.
1139 288 1142 297 Ι
1221 347 1284 411 lut

170 548 243 594 men
267 532 405 617 ageret,
426 526 501 615 qui,
529 524 635 593 sicubi
654 525 770 595 addita
791 529 974 620 reperitur,
1002 530 1112 597 statim
1133 530 1278 625 eliceret,

168 653 227 699 nec
245 635 440 720 reputaret,
465 650 567 719 posse
584 652 658 698 eam
678 630 821 700 fortusse
835 633 901 699 alio
916 631 1044 700 referri.
1097 634 1150 702 Ac
1165 637 1278 706 multis

167 735 198 801 id
212 733 323 800 modis
339 732 413 801 lieri
426 741 549 824 potest.
602 733 642 799 ln
656 733 732 852 ipso
746 735 803 802 illo
820 735 1009 804 Phalaridis
1022 737 1100 805 loco
1118 760 1174 829 ep.
1192 737 1277 809 lll'l.
1321 800 1325 816 ,

167 859 269 928 quum
297 836 376 902 libri
402 833 620 908 habeantur
647 831 1043 928 ανεπαχθέστατον-
1064 842 1275 935 πρσςδέχον,

167 962 229 1033 ego
257 939 398 1030 quidem
417 961 484 1006 non
504 938 741 1006 tollendum
710 968 762 1011 αν
783 948 920 1030 putem,
950 942 1011 1010 sed
1031 942 1272 1012 addendum
1243 969 1274 1015 er

166 1035 419 1134 ωςτσόματος
432 1041 501 1133 μὲν
521 1069 590 1137 γαρ
605 1038 812 1160 α’ῤῥωστιάν
828 1038 1027 1168 θεραπεύει
1045 1046 1169 1143 τέχνη·
1197 1069 1275 1142 ψα-

165 1145 221 1241 χῆς
254 1145 291 1218 δὲ
315 1138 426 1217 νόσον
448 1144 551 1216 ἰᾶται
576 1139 759 1234 θάνατος,
794 1144 836 1219 όν
859 1174 904 1227 ως
925 1175 971 1218 αν
996 1150 1275 1239 ἐπαχθέστατον

165 1245 244 1320 αντὶ
271 1245 414 1319 πολλῶν
443 1273 503 1318 ιιαι
532 1241 700 1340 μεγάλων
724 1241 974 1347 ἀδικημάτων,
1002 1247 1072 1372 prin
1098 1248 1275 1326 ανουσίων

164 1346 208 1423 civ
228 1350 313 1442 εμοὶ
336 1350 589 1446 πραςτρέπεις,
617 1346 733 1422 ἀλλ’θ
715 1351 884 1424 ενισυσίων
900 1349 950 1423 ὦν
965 1346 1074 1435 αότός
1095 1356 1273 1474 εἴργασαι,

162 1455 366 1547 προςδέχοα
392 1455 559 1543 Apertum
573 1461 633 1536 est,
654 1453 702 1520 sic
715 1453 807 1545 iungr
797 1455 1002 1544 quidem
977 1483 1023 1527 αν
1040 1458 1274 1551 cumimpera-

161 1556 236 1637 tiro,
259 1555 321 1624 sed
341 1577 409 1622 non
422 1557 589 1624 construi:
607 1579 720 1623 sensus
740 1565 790 1625 est
805 1557 904 1638 enim,
931 1556 975 1638 ιός
991 1586 1036 1629 αν
1047 1564 1273 1649 ἑπαχθέστα·

161 1685 218 1739 τις
234 1661 299 1755 εἴη.
326 1657 440 1750 Magis
452 1659 573 1728 dubius
589 1658 696 1727 videri
711 1668 825 1751 potest
836 1660 1070 1752 Aristophanis
1078 1662 1172 1732 locus
1182 1663 1270 1734 rich.

161 1761 271 1836 1200.
296 1763 355 1830 ubi
380 1756 582 1857 φιλήσατόν
601 1790 650 1854 με
674 1756 721 1834 τό
743 1756 1013 1857 περιπεταστόν
1034 1759 1269 1858 κάπιμανδα-

160 1861 274 1938 λωτόν
297 1864 342 1937 ἄν
355 1865 390 1932 in
407 1865 485 1933 edd.
505 1866 701 1957 vulgaribus
721 1865 967 1957 scriptumest,
995 1867 1056 1936 sed
1071 1867 1172 1936 codd.
1186 1892 1270 1962 par-

159 1969 293 2036 ticulam
315 1969 480 2059 omittunt.
532 1969 619 2037 Sunt
642 1969 699 2035 illa
719 1968 979 2060 antistrophica‚
1004 1971 1038 2038 in
1061 1971 1183 2059 quibus
1204 1972 1271 2039 mi-

158 2095 230 2141 mm
247 2073 283 2140 in
303 2071 444 2140 modum
459 2072 602 2163 grassati
615 2081 691 2141 sunt
706 2080 838 2141 veteres
853 2073 999 2159 metrici,
1026 2096 1131 2162 quum
1150 2075 1269 2145 trime-

157 2184 224 2244 tros
241 2177 420 2245 voluerunt
434 2175 618 2244 restituere.
658 2176 757 2261 Quae
774 2199 874 2244 verae
890 2176 1077 2267 scripturae
1092 2177 1166 2270 sint,
1192 2201 1268 2247 am-

156 2275 296 2371 biguum
312 2287 371 2366 est,
398 2301 503 2368 quum
519 2286 662 2371 propter
677 2280 840 2348 librorum
861 2279 1059 2371 dissensum,
1085 2288 1158 2349 tum
1175 2282 1270 2372 quod

155 2382 187 2450 in
199 2381 412 2476 antistropha
422 2405 538 2452 versus
552 2382 684 2453 excidit
738 2382 885 2468 Quod
860 2408 888 2451 sr
901 2394 993 2453 recte
1008 2383 1109 2454 codd.
1129 2383 1268 2474 habent,

258 2513 463 2641 φιλήσατόν
478 2548 527 2613 με
542 2519 738 2614 μαλθακός
746 2573 761 2608 ,
789 2548 815 2591 ω
830 2519 982 2615 χρυσίω,

255 2615 304 2696 τό
317 2616 586 2722 περιπεταστόν
602 2616 930 2713 καπιμανδαλωτόν
939 2676 953 2711 ,

155 2759 246 2851 quod
261 2783 340 2828 sane
361 2761 408 2828 ita
423 2760 574 2847 ridetur,
601 2759 781 2850 posteriori
799 2758 879 2826 huic
901 2782 1011 2828 versm
1000 2758 1214 2851 respondet
1227 2761 1267 2849 is,

155 2865 212 2954 qui
229 2863 346 2931 addito
365 2864 399 2932 in
413 2864 507 2931 libris
523 2863 725 2953 quibusdam
745 2858 809 2935 οὖν
824 2872 962 2952 quartus
977 2864 1138 2954 strophae
1154 2873 1214 2953 est,

255 3002 368 3075 ἐκεῖνο
388 2996 426 3074 δ’
441 2996 507 3074 σόν
520 2994 672 3073 αἰαιιτόν
687 2996 732 3072 όν
745 2999 900 3092 γένοιτο.

152 3153 203 3221 Ita
218 3155 356 3243 quintus
370 3177 485 3223 versus
499 3150 745 3245 antistrophae‚
772 3150 830 3239 qui
849 3151 1000 3218 trimeter
1013 3150 1176 3220 iambicus
1192 3153 1266 3239 fuit,

152 3257 283 3330 interiit.
337 3258 383 3326 Et
395 3258 442 3325 sic
460 3267 655 3348 exemptum
675 3265 726 3323 est
740 3254 807 3323 hoc
825 3256 1017 3345 exemplum
1032 3255 1088 3339 iis,
1115 3277 1204 3344 qnae
1218 3254 1265 3328 ἄν

152 3383 229 3427 cum
257 3362 456 3450 imperativo
480 3361 629 3429 iunctum
653 3359 792 3432 habent.
844 3360 924 3426 Non
948 3358 1057 3426 utilior
1082 3369 1134 3427 est
1158 3358 1265 3426 Rhesi

149 3485 188 3561 v.¹
199 3461 286 3534 685.
301 3464 335 3530 in
353 3487 422 3554 quo
439 3464 533 3553 quod
553 3465 798 3555 scriptumest,
825 3466 923 3549 παῖε,
950 3468 1035 3533 παῖε
1050 3462 1118 3542 πός
1134 3490 1190 3543 τις
1204 3459 1263 3550 όν,

150 3589 256 3655 quum
266 3576 411 3660 propter
424 3568 489 3635 alia
506 3567 575 3635 eius
591 3591 707 3635 versus
722 3565 810 3648 vitia,
836 3573 909 3632 tum
923 3587 964 3632 eo
987 3575 1179 3655 suspectum
1201 3573 1263 3650 est,
1377 3657 1380 3662 Ι

150 3669 243 3758 quod
260 3671 366 3738 verba
382 3697 437 3750 τις
462 3669 506 3741 ἄν
525 3671 560 3736 in
581 3670 784 3759 quibusdam
806 3667 906 3735 codd.
932 3668 1060 3736 desunt.
1114 3667 1263 3736 Omnino

149 3772 206 3840 illa
222 3796 325 3841 scena
338 3775 484 3864 pessime
497 3773 614 3841 habita
635 3783 702 3856 est,
729 3772 842 3839 vitiata
858 3771 959 3837 etiam
978 3771 1082 3837 choro
1097 3769 1133 3836 in
1152 3769 1257 3838 hemi·
1298 3756 1302 3767 ¹

150 3875 266 3944 choria
284 3878 453 3965 distincto,
480 3900 585 3965 quum
600 3876 722 3968 singuli
736 3874 848 3967 potins
870 3884 1021 3941 cantores
1038 3872 1264 3964 distinguendi

149 3978 283 4052 fuerint.
336 3981 411 4048 Hos
434 3981 571 4070 quidem
593 4003 724 4064 versuS,
756 3977 814 4067 qui
837 3999 972 4043 scenam
1001 3978 1103 4067 plane
1127 3987 1264 4070 pertur-

148 4080 301 4167 bant,
276 4106 324 4151 src
340 4083 536 4152 scribendos
553 4083 711 4151 coniicio:

254 4237 386 4310 0A.“
367 4265 468 4327 ισχε,
503 4229 648 4332 θόρσει.
709 4237 823 4313 ΧΟΡ.
850 4233 958 4313 πέλας
985 4228 1053 4304 λό’.
1109 4230 1190 4304 ΟΔ
1220 4226 1262 4303 οό

482 4336 537 4435 δή
588 4341 711 4412 ΧΟΡ.
738 4341 847 4416 παῖε,
873 4340 958 4408 παῖε
985 4362 1064 4415 πας.
1092 4332 1146 4413 τίς
1173 4327 1224 4422 εἷς

201 4438 326 4510 Horu.
350 4438 417 4512 01».
444 4440 503 4508 lv.
1018 4437 1060 4504 M
