2842 4920
391 1654 974 1748 PRAEFATIO.

589 1922 789 1935 ...αμα-ι’...-

128 2134 236 2239 Huic
261 2170 501 2263 opusculorum
525 2194 679 2241 meorum
703 2167 875 2256 volumini,
899 2170 935 2237 lu
960 2190 1029 2259 quo
1047 2167 1234 2270 duae-sunt

129 2308 455 2398 dissertatiunculae,
488 2332 577 2400 quae
602 2332 670 2378 non
693 2319 788 2378 crant
809 2308 904 2400 prius
931 2306 1058 2395 editae,
1092 2328 1233 2396 quarum

129 2446 233 2514 altera
269 2455 400 2539 septem
432 2455 550 2538 aperta
575 2456 696 2540 operta
726 2447 820 2541 apud
843 2444 1051 2534 Aeschylum
1076 2446 1232 2530 continet,

127 2585 234 2652 altera
263 2584 309 2652 dc
334 2566 492 2653 mensura¹
525 2586 699 2675 utriusque
732 2572 779 2657 el
812 2593 879 2675 est,
913 2606 1025 2676 pauca
1058 2605 1115 2651 me
1146 2604 1231 2673 pro-

125 2730 204 2812 pter
235 2722 319 2790 duas
351 2724 433 2790 alias
465 2722 665 2813 'scriptiones
697 2724 845 2815 praefari
872 2731 1017 2814 oportet.
1079 2722 1132 2792 Ac
1157 2720 1231 2811 pri-

126 2880 184 2925 mo
210 2859 340 2950 petiae
366 2859 521 2953 agendae
546 2869 624 2928 suut
649 2860 735 2928 lulio
759 2860 816 2929 Fr.
842 2860 1015 2947 Wurmio,
1050 2858 1166 2947 quiin
1192 2857 1233 2927 iis

125 3016 214 3084 quac
234 3018 342 3087 nuper
364 2998 400 3065 iu
420 2997 527 3066 lahnii
543 2998 727 3067 Annalibus
745 3022 775 3065 a,
792 2996 903 3064 183⁰.
922 2997 988 3064 vol.
1006 2996 1064 3063 111.
1083 2996 1166 3064 fasc.
1185 2994 1227 3062 ll

125 3131 170 3199 dc
189 3132 401 3204 Archimedis
426 3135 639 3228 problemate
660 3133 785 3201 bovino
809 3133 1008 3224 d'nputavit,
1035 3131 1121 3198 mam
1145 3129 1228 3198 mihi

123 3270 373 3358 monstraverit,
406 3294 475 3362 qua
494 3271 555 3340 nisi
582 3271 738 3365 defendi,
771 3280 862 3341 certe
888 3267 1039 3338 excusari
1063 3267 1227 3358 scriptura

123 3430 212 3497 quac
244 3432 265 3477 a
293 3431 350 3478 me
382 3417 511 3478 mutata
536 3416 628 3492 erat,
662 3418 764 3497 atque
795 3409 842 3477 ita
872 3407 1090 3500 problematis
1121 3407 1225 3474 iuter·

120 3545 266 3637 pretatio
304 3547 378 3634 illa,
413 3569 503 3637 quac
540 3569 561 3614 a
592 3545 771 3614 scholiasta
805 3545 941 3638 prodita
979 3552 1049 3626 est,
1089 3542 1225 3611 retineri

119 3704 223 3773 posse
254 3683 417 3753 videatur.
480 3685 572 3753 Nam
609 3683 697 3753 haec
732 3684 802 3751 duo
835 3705 913 3750 eum
944 3704 1025 3750 vere
1056 3681 1224 3748 monuisse

119 3827 223 3910 puto,
253 3821 383 3913 primo,
417 3844 522 3910 quum
543 3844 660 3890 omues
683 3821 900 3914 problematis
929 3826 1043 3912 partes
1068 3816 1222 3886 distincte

119 3955 184 4023 sint
217 3964 320 4047 atque
358 3959 533 4028 enucleate
570 3957 784 4049 descriptae,
825 3958 863 4025 id
894 3954 1136 4026 Archimedem
1165 3953 1221 4022 vel

117 4094 263 4162 maxime
287 4094 322 4162 iu
341 4095 465 4183 altero,
490 4117 593 4186 quem
616 4094 699 4162 mihi
719 4094 908 4187 significare
923 4092 1013 4161 visus
1039 4099 1128 4176 erat,
1152 4112 1218 4159 nu-

118 4250 213 4298 mero
258 4231 421 4320 triquetro
463 4231 567 4301 luisse
606 4232 796 4317 facturum
844 4228 970 4300 deinde
1006 4227 1110 4298 verba
1149 4228 1215 4315 illa,

117 4365 237 4454 quibus
271 4390 339 4461 ego
371 4366 567 4438 adducebar
597 4378 635 4438 ut
660 4371 761 4439 etiam
785 4390 910 4462 greges
943 4374 1112 4435 taurorum
1139 4386 1214 4432 om-
