2842 4920
171 1357 262 1444 DE
294 1354 704 1447 PARTICVLA
734 1361 790 1439 ἄν
817 1356 1005 1446 LIBRI
1034 1359 1116 1447 IV.
1133 1361 1173 1479 *)

368 1787 613 1857 LIBER
662 1783 983 1857 PRIMVS.

648 1977 675 2048 l.

213 2126 281 2197 De
303 2128 495 2223 origine
509 2130 871 2226 particularum
897 2125 951 2200 ἄν
977 2135 1020 2196 et
1044 2129 1131 2201 κέν.

118 2278 192 2384 De
216 2338 279 2383 usu
306 2319 548 2408 particularum
571 2318 618 2393 civ
648 2328 682 2388 et
706 2319 766 2392 κέν
791 2316 853 2387 etsi
872 2341 893 2384 a
906 2309 1028 2384 'mullis
1049 2324 1100 2384 est
1127 2325 1229 2407 atque

118 2418 317 2487 doctissimis
333 2422 410 2490 nris
425 2425 481 2491 vel
493 2423 676 2516 separatim
693 2423 748 2490 vel
763 2422 823 2490 ubi
841 2421 974 2488 occasio
988 2420 1093 2487 ferret
1110 2419 1228 2512 dispu-

117 2531 244 2606 tatum,
270 2532 383 2592 tamen
398 2525 485 2594 hacc
500 2538 569 2596 tarn
583 2527 780 2595 inexhausta
793 2525 932 2592 materia
959 2531 1027 2611 cst,
1053 2530 1091 2590 ut
1116 2545 1248 2614 ucque·

117 2626 249 2693 illinon
266 2635 323 2694 aut
341 2632 627 2720 praetermiserint
647 2631 761 2716 multa,
788 2629 851 2696 alia
873 2635 986 2694 autem
1008 2627 1116 2694 minus
1136 2637 1228 2696 recte

119 2730 355 2820 explicuerint,
383 2757 465 2823 nec,
493 2735 519 2802 si
535 2736 608 2825 quis
628 2734 741 2801 denuo
762 2733 799 2799 id
814 2731 941 2823 negotii
960 2730 1133 2820 suscipiat,
1159 2755 1229 2800 non

117 2833 208 2899 idem
222 2834 286 2900 sibi
296 2857 432 2924 quoque
448 2848 645 2906 eventurum
659 2836 782 2920 videat,
809 2835 1008 2926 praesertim
1018 2856 1121 2922 quum
1135 2833 1228 2901 diffi-

119 2936 224 3003 cultas
247 2938 296 3003 rei
320 2939 519 3008 immensum
547 2951 708 3030 quantum
730 2947 893 3030 augeatur
920 2937 1077 3003 codicum
1100 2936 1228 3005 discre-

117 3040 233 3130 pantia
254 3048 288 3106 et
313 3045 537 3134 corruptione.
589 3043 694 3127 Quod
720 3043 746 3108 si
767 3062 834 3131 ego
850 3041 892 3106 E.
913 3039 958 3104 H.
978 3038 1138 3119 Barkeri,
1167 3040 1228 3106 viri

117 3143 200 3209 mihi
220 3143 430 3231 amicissimi,
456 3156 578 3239 rogatu
594 3145 719 3213 adduci
732 3167 787 3210 me
805 3163 923 3233 passus
942 3162 1032 3223 sum,
1058 3150 1096 3206 ut
1116 3139 1227 3209 dehis

116 3247 288 3336 particulis
302 3250 495 3336 scriberem,
512 3275 553 3318 ea
563 3250 598 3317 id
614 3258 726 3316 mente
740 3247 817 3332 feci,
841 3255 879 3313 ut
890 3244 998 3336 magis
1007 3243 1228 3312 fundamenta
1321 3250 1326 3257 '
1357 3248 1362 3256 '

116 3350 228 3417 iacere
246 3350 430 3439 doctrinae,
456 3378 524 3443 qua
538 3353 658 3421 harum
677 3353 760 3419 ratio
781 3349 1021 3441 particularum
1045 3349 1228 3416 continere-

115 3462 189 3538 tur,
219 3477 321 3542 quam
338 3457 460 3541 omnia,
487 3480 574 3546 quae
595 3453 806 3546 explananda
821 3477 895 3522 esse
909 3452 1141 3543 intelligerem,
1167 3476 1227 3519 ac-

118 3565 232 3624 curate
262 3567 470 3650 pertractare
495 3561 579 3628 mihi
606 3580 845 3652 proponerem.
896 3556 1112 3646 Quamquam
1138 3555 1227 3623 euim

119 3750 331 3764 -u—-

200 3861 238 3946 ³3)
283 3864 365 3925 Editi
392 3875 463 3926 suut
484 3866 582 3945 primo
602 3866 634 3924 in
660 3863 753 3924 Diarii
778 3861 902 3921 Classici
929 3858 1031 3922 fascic.
1051 3857 1227 3916 LXVIII-

117 3949 240 4011 LXXll.
263 3971 290 4011 a.
316 3956 410 4017 1826.
433 3956 524 4018 1827.
545 3952 653 4011 deinde
671 3952 703 4009 in
724 3948 857 4010 editione
878 3943 1057 4004 Londinensi
1079 3942 1227 4002 Thesauri

116 4034 322 4114 Stephaniani.
367 4037 528 4116 Opuaculis
548 4036 632 4097 hiace
651 4035 782 4096 inserere
796 4033 952 4093 volueram
967 4029 1069 4088 multia
1088 4027 1119 4093 in
1134 4027 1226 4106 parti-

116 4118 172 4179 bua
189 4130 295 4180 auctos
312 4132 401 4202 atque
417 4143 455 4182 ex
473 4123 597 4183 materia
620 4142 708 4201 quam
732 4119 803 4180 salis
825 4117 955 4196 amplam
975 4123 1110 4194 paratam
1130 4112 1226 4172 habeo

116 4204 335 4285 locupletatum
366 4207 418 4268 aed
437 4209 489 4268 ubi
507 4208 639 4288 comperi
660 4204 794 4266 certatim
811 4202 892 4283 typis
911 4201 1074 4281 repetitum
1089 4196 1124 4257 in·
1143 4198 1226 4257 illam

119 4290 279 4351 editionem
297 4292 460 4369 Thesauri,
483 4294 576 4353 abieci
594 4293 655 4354 hoc
672 4290 847 4368 consilium,
870 4307 908 4348 ne
923 4287 990 4367 quia
1002 4304 1067 4350 mea
1082 4304 1174 4364 opera
1194 4282 1225 4340 in
1315 4339 1317 4344 .

117 4373 175 4436 iata
189 4378 386 4442 aemulatione
401 4379 587 4442 abuteretur.

940 4472 1018 4542 Ar
