2842 4920
170 379 235 443 ααα
467 344 985 437 osara'snnors

274 562 452 640 ἀντίθεον
466 559 708 662 Πολύδωρον,
736 563 813 639 ἐπεὶ
829 558 937 659 βόλος
952 560 1030 648 desi·
1042 564 1159 662 δουρί.

174 718 359 806 Quomodo
371 718 427 788 llle
442 718 656 804 occubuerit,
680 725 857 787 narratum
870 714 946 788 XX.
966 716 1053 784 411.

277 865 322 968 δή
335 865 424 946 τότε
436 871 624 994 νηπιέῃσι,
650 866 810 943 sodor
785 896 921 998 αροτην
933 865 1170 995 οἷναφαῖναν,

278 975 370 1049 ortvs
383 968 445 1047 dre?
459 965 679 1070 προμάχων,
699 980 777 1054 οἵως
792 972 898 1068 φίλον
912 971 1020 1048 ὤλεσα
1036 966 1172 1067 θυμόν

276 1105 343 1152 πον
357 1069 448 1170 ficiis
463 1076 598 1169 μέσσον
617 1074 745 1151 ἄκοντι
759 1069 938 1173 ποδάρκης
954 1078 1029 1157 δῖος
1042 1067 1229 1167 Αχιλλευς

278 1169 398 1268 sciro,
424 1184 700 1274 παραΐσσοντος.

175 1336 274 1420 Quae
298 1333 403 1400 verba
429 1332 486 1421 qui
511 1354 589 1399 cum
613 1332 676 1399 illis
703 1339 898 1422 comparet,
935 1330 1036 1399 facile
1054 1330 1187 1416 videat,
1223 1331 1281 1421 qni

175 1436 322 1529 πρυλέες
342 1436 516 1523 dicuntur,
543 1428 753 1526 προμάχους
767 1433 897 1524 potius,
924 1457 1025 1523 qnam
1048 1433 1182 1525 pedites
1206 1457 1281 1503 esse

174 1538 430 1631 intelligendos:
464 1560 671 1628 quamquam
692 1537 792 1605 etiam
813 1537 955 1629 amplius
983 1538 1065 1626 quid
1086 1538 1281 1630 significari,

66 1721 85 1745 ,
175 1640 305 1735 pedum
321 1640 518 1732 pernicitas,
546 1662 612 1729 qua
633 1640 776 1708 confisus
799 1638 900 1707 fuerit
920 1640 1132 1731 Polydorus,
1159 1636 1280 1732 arguit.

174 1745 227 1817 Ea
243 1744 331 1812 enirn
347 1742 594 1836 pyrrhiclristae
613 1744 717 1837 virtus
734 1751 795 1810 est.
847 1742 951 1832 Atqui
965 1743 1169 1835 pyrrhicha,
1196 1753 1281 1812 teste

176 1848 354 1916 Aristotele
379 1845 474 1938 apud
494 1843 709 1914 scholiastam
729 1844 865 1913 Pindari
891 1846 936 1914 ad
958 1842 1061 1936 Pyth.
1085 1844 1128 1915 ΙΙ.
1152 1843 1238 1916 12Ί.
1261 1870 1282 1914 a
1321 1872 1325 1887 ’

175 1950 310 2043 Cypriis
329 1945 456 2045 πρύλις
478 1949 679 2033 vocabatur,
705 1971 793 2037 qnae
810 1949 952 2040 proprie
972 1949 1136 2018 Coretum
1153 1958 1281 2019 armata

176 2054 306 2122 saltatio
323 2062 390 2143 est,
417 2062 603 2121 memorata
619 2052 827 2122 Callimacho
848 2052 883 2123 h.
897 2053 969 2125 lov.
985 2049 1046 2125 52.

278 2218 368 2295 odic
388 2222 426 2294 δὲ
441 2216 631 2338 Κούρητες
651 2223 689 2295 σὲ
703 2223 786 2320 πέρι
800 2216 928 2320 πρύλιν
944 2216 1176 2321 ὠρχήσαντο,

278 2317 407 2416 τεύχεα
421 2319 663 2420 πεπλήγοντσς
670 2366 684 2413 t

175 2478 334 2547 translata
352 2466 400 2548 ad
411 2477 627 2546 Amazones
618 2476 703 2552 rnlr.
719 2478 846 2547 Dianae
862 2501 894 2548 v.
912 2474 1000 2551 2⁴⁰.

280 2627 391 2704 αὗται
383 2625 464 2719 ''d,
495 2625 634 2703 Odor
608 2654 767 2710 ανασσα,
795 2631 877 2725 πέρι
890 2625 1064 2727 πρύλιν
1035 2625 1260 2756 ωρχὴσανσο,

279 2735 406 2826 πρῶτα
420 2733 490 2825 μὲν
504 2737 542 2805 ἐν
563 2737 748 2856 σαπέερσιν
765 2727 953 2823 ἐνόπλιον,
974 2729 1068 2807 αὖθι
1087 2736 1127 2810 δὲ
1141 2729 1253 2830 adalp

279 2861 503 2932 στησαμσναι
519 2828 630 2931 χορδν
644 2831 762 2931 εὐρυν.

176 2988 229 3056 De
246 3008 287 3055 ea
303 2962 474 3054 saltatione
487 2987 623 3055 videndi
638 2989 838 3058 Hoeckius
828 3012 863 3057 rn
876 2988 999 3059 Cretae
1015 2993 1082 3060 vol.
1098 2991 1124 3062 Ι.
1139 3008 1177 3084 p
1194 2984 1278 3060 213.

177 3088 739 3160 etO.M1illerusrnDoriensinm
760 3093 825 3161 vol
843 3093 883 3160 ll
899 3117 935 3185 p.
951 3092 1036 3162 250.
1054 3104 1088 3164 ct
1103 3093 1190 3169 331.
1227 3095 1280 3162 Ex

175 3195 227 3263 his
252 3194 407 3277 efficitur,
432 3202 469 3261 ut
490 3197 635 3292 προλέσς
657 3197 797 3288 proprie
817 3197 896 3264 dicti
918 3197 1094 3267 videantur
1107 3199 1279 3315 praesules

176 3299 245 3366 sive
266 3297 510 3388 praestatores,
537 3298 692 3388 quiante
715 3308 865 3368 caeteros
884 3303 1056 3392 progressi
1071 3288 1279 3370 saltationem

177 3421 254 3469 cunr
276 3400 373 3467 armis
390 3399 568 3492 praeirent.
620 3402 734 3491 Atque
754 3425 796 3472 ex
817 3405 1068 3496 praepositione
1089 3399 1164 3498 πρό
1190 3413 1279 3474 certe

175 3502 367 3570 factumest
387 3523 532 3585 nomen,
559 3503 620 3570 nisi
640 3505 739 3572 etiarn
757 3528 798 3573 ex
812 3499 908 3586 λεῶς.
960 3508 1050 3576 Nam
1069 3509 1279 3601 grammatici

175 3629 258 3695 quas
281 3604 501 3674 derivationes
523 3604 684 3694 afferunt,
711 3609 908 3701 perineptae
922 3620 1006 3681 sunt.
1058 3612 1155 3680 Idem
1168 3612 1280 3704 tripu-

175 3709 221 3776 dii
243 3708 323 3777 ritus
347 3708 480 3776 Romae
502 3710 697 3778 observatus
718 3713 761 3779 ab
787 3710 907 3798 Saliis,
934 3712 1118 3804 dequibus
1142 3715 1278 3784 Festusz

176 3813 442 3882 redamtroare
483 3811 619 3880 dicitur
653 3813 690 3882 io
722 3813 916 3884 Saliorum
956 3817 1278 3889 exsultationibus:

177 3937 285 4005 qoem
300 3916 457 4007 praesul
481 3918 701 4002 ammovit,
735 3919 835 4011 quod
855 3927 911 3989 est
934 3930 1053 3991 motus
1082 3922 1219 4010 edidit,
1248 3920 1279 3991 ei

175 4016 389 4110 reseruntur
402 4019 552 4088 invicem
568 4019 679 4092 iidem
694 4030 822 4092 motos.
878 4022 1072 4094 buciliaco

219 4186 377 4282 praeszd
390 4197 431 4257 ot
446 4198 607 4259 σαπῆναι
621 4189 716 4281 hinc,
733 4201 774 4262 ut
789 4193 925 4288 vulgos
937 4196 1170 4266 redamtrnet
1183 4196 1276 4266 inde.

149 4358 282 4442 900nl’.
297 4356 426 4426 Nonius
440 4358 519 4445 inv.
535 4360 811 4453 redamtruare
838 4373 873 4433 et
888 4364 1133 4435 Gntberlethus
1150 4367 1194 4436 de
1212 4368 1278 4438 Sa-
