<?xml version="1.0" encoding="UTF-8"?>
<!DOCTYPE html PUBLIC "-//W3C//DTD XHTML 1.0 Transitional//EN"
    "http://www.w3.org/TR/xhtml1/DTD/xhtml1-transitional.dtd">
<html xmlns="http://www.w3.org/1999/xhtml" xml:lang="en" lang="en">
 <head>
  <title>
</title>
<meta http-equiv="Content-Type" content="text/html;charset=utf-8" />
  <meta name='ocr-system' content='tesseract 3.04.00' />
  <meta name='ocr-capabilities' content='ocr_page ocr_carea ocr_par ocr_line ocrx_word'/>
</head>
<body>
  <div class='ocr_page' id='page_1' title='image "./opuscula00hermgoog/opuscula00hermgoog_0328.png"; bbox 0 0 2842 4920; ppageno 0'>
   <div class='ocr_carea' id='block_1_1' title="bbox 228 337 1210 413">
    <p class='ocr_par' dir='ltr' id='par_1_1' title="bbox 228 337 1210 413">
     <span class='ocr_line' id='line_1_1' title="bbox 228 337 1210 413; baseline -0.001 -15"><span class='ocrx_word' id='word_1_1' title='bbox 228 345 294 407; x_wconf 68' lang='lat'><strong>304</strong></span> <span class='ocrx_word' id='word_1_2' title='bbox 360 341 412 401; x_wconf 80' lang='lat' dir='ltr'><strong>DE</strong></span> <span class='ocrx_word' id='word_1_3' title='bbox 433 338 763 400; x_wconf 76' lang='lat' dir='ltr'><strong>Inscnrrrlonlssvs</strong></span> <span class='ocrx_word' id='word_1_4' title='bbox 787 337 1014 413; x_wconf 81' lang='lat' dir='ltr'><strong>Qvtssvsntn</strong></span> <span class='ocrx_word' id='word_1_5' title='bbox 1036 338 1210 401; x_wconf 74' lang='lat' dir='ltr'><strong>onlnem.</strong></span> 
     </span>
    </p>
   </div>
   <div class='ocr_carea' id='block_1_2' title="bbox 220 528 1345 3515">
    <p class='ocr_par' dir='ltr' id='par_1_2' title="bbox 220 528 1344 1946">
     <span class='ocr_line' id='line_1_2' title="bbox 229 528 1340 623; baseline -0.002 -22"><span class='ocrx_word' id='word_1_6' title='bbox 229 533 372 602; x_wconf 78' lang='lat' dir='ltr'><strong>certiora</strong></span> <span class='ocrx_word' id='word_1_7' title='bbox 398 551 499 620; x_wconf 86' lang='lat' dir='ltr'><strong>quam</strong></span> <span class='ocrx_word' id='word_1_8' title='bbox 526 529 654 596; x_wconf 90' lang='lat' dir='ltr'><strong>factum</strong></span> <span class='ocrx_word' id='word_1_9' title='bbox 680 537 768 601; x_wconf 88' lang='lat' dir='ltr'><strong>esset</strong></span> <span class='ocrx_word' id='word_1_10' title='bbox 792 551 896 620; x_wconf 88' lang='lat' dir='ltr'><strong>posse</strong></span> <span class='ocrx_word' id='word_1_11' title='bbox 922 528 1047 604; x_wconf 82' lang='lat' dir='ltr'><strong>afferri.</strong></span> <span class='ocrx_word' id='word_1_12' title='bbox 1100 530 1183 622; x_wconf 90' lang='lat' dir='ltr'><strong>lpsa</strong></span> <span class='ocrx_word' id='word_1_13' title='bbox 1207 554 1274 623; x_wconf 89' lang='lat' dir='ltr'><strong>per</strong></span> <span class='ocrx_word' id='word_1_14' title='bbox 1302 554 1340 600; x_wconf 88' lang='lat' dir='ltr'><strong>se</strong></span> 
     </span>
     <span class='ocr_line' id='line_1_3' title="bbox 229 632 1342 726; baseline -0.002 -22"><span class='ocrx_word' id='word_1_15' title='bbox 229 634 401 726; x_wconf 82' lang='lat' dir='ltr'><strong>inscriptio</strong></span> <span class='ocrx_word' id='word_1_16' title='bbox 427 656 493 701; x_wconf 92' lang='lat' dir='ltr'><strong>non</strong></span> <span class='ocrx_word' id='word_1_17' title='bbox 523 632 639 724; x_wconf 83' lang='lat' dir='ltr'><strong>magui</strong></span> <span class='ocrx_word' id='word_1_18' title='bbox 666 633 765 723; x_wconf 89' lang='lat' dir='ltr'><strong>pretii</strong></span> <span class='ocrx_word' id='word_1_19' title='bbox 788 642 854 719; x_wconf 90' lang='lat' dir='ltr'><strong>est,</strong></span> <span class='ocrx_word' id='word_1_20' title='bbox 888 633 950 701; x_wconf 92' lang='lat' dir='ltr'><strong>sed</strong></span> <span class='ocrx_word' id='word_1_21' title='bbox 979 642 1092 701; x_wconf 87' lang='lat' dir='ltr'><strong>tamen</strong></span> <span class='ocrx_word' id='word_1_22' title='bbox 1125 656 1195 702; x_wconf 92' lang='lat' dir='ltr'><strong>non</strong></span> <span class='ocrx_word' id='word_1_23' title='bbox 1222 644 1342 703; x_wconf 90' lang='lat' dir='ltr'><strong>conte-</strong></span> 
     </span>
     <span class='ocr_line' id='line_1_4' title="bbox 228 734 1341 831; baseline -0.002 -23"><span class='ocrx_word' id='word_1_24' title='bbox 228 738 391 825; x_wconf 91' lang='lat' dir='ltr'><strong>mnenda,</strong></span> <span class='ocrx_word' id='word_1_25' title='bbox 429 736 509 826; x_wconf 89' lang='lat' dir='ltr'><strong>quia</strong></span> <span class='ocrx_word' id='word_1_26' title='bbox 534 735 639 802; x_wconf 89' lang='lat' dir='ltr'><strong>habet</strong></span> <span class='ocrx_word' id='word_1_27' title='bbox 669 734 838 825; x_wconf 82' lang='lat' dir='ltr'><strong>quaedam</strong></span> <span class='ocrx_word' id='word_1_28' title='bbox 865 737 968 808; x_wconf 86' lang='lat' dir='ltr'><strong>utilia.</strong></span> <span class='ocrx_word' id='word_1_29' title='bbox 1021 739 1204 807; x_wconf 87' lang='lat' dir='ltr'><strong>Praeterea</strong></span> <span class='ocrx_word' id='word_1_30' title='bbox 1230 738 1341 831; x_wconf 89' lang='lat' dir='ltr'><strong>aptis-</strong></span> 
     </span>
     <span class='ocr_line' id='line_1_5' title="bbox 230 838 1343 931; baseline -0.004 -19"><span class='ocrx_word' id='word_1_31' title='bbox 230 844 313 913; x_wconf 89' lang='lat' dir='ltr'><strong>sima</strong></span> <span class='ocrx_word' id='word_1_32' title='bbox 340 850 391 910; x_wconf 86' lang='lat' dir='ltr'><strong>est</strong></span> <span class='ocrx_word' id='word_1_33' title='bbox 421 840 465 907; x_wconf 92' lang='lat' dir='ltr'><strong>ad</strong></span> <span class='ocrx_word' id='word_1_34' title='bbox 487 838 758 926; x_wconf 88' lang='lat' dir='ltr'><strong>monstrandum,</strong></span> <span class='ocrx_word' id='word_1_35' title='bbox 799 839 883 928; x_wconf 90' lang='lat' dir='ltr'><strong>quid</strong></span> <span class='ocrx_word' id='word_1_36' title='bbox 908 839 1121 928; x_wconf 86' lang='lat' dir='ltr'><strong>faciendum,</strong></span> <span class='ocrx_word' id='word_1_37' title='bbox 1160 840 1245 931; x_wconf 88' lang='lat' dir='ltr'><strong>quid</strong></span> <span class='ocrx_word' id='word_1_38' title='bbox 1271 864 1343 909; x_wconf 92' lang='lat' dir='ltr'><strong>non</strong></span> 
     </span>
     <span class='ocr_line' id='line_1_6' title="bbox 230 942 1344 1033; baseline -0.003 -18"><span class='ocrx_word' id='word_1_39' title='bbox 230 945 423 1015; x_wconf 87' lang='lat' dir='ltr'><strong>faciendum</strong></span> <span class='ocrx_word' id='word_1_40' title='bbox 449 942 510 1028; x_wconf 86' lang='lat' dir='ltr'><strong>sit,</strong></span> <span class='ocrx_word' id='word_1_41' title='bbox 549 943 577 1009; x_wconf 88' lang='lat' dir='ltr'><strong>si</strong></span> <span class='ocrx_word' id='word_1_42' title='bbox 602 942 676 1033; x_wconf 89' lang='lat' dir='ltr'><strong>quis</strong></span> <span class='ocrx_word' id='word_1_43' title='bbox 701 942 935 1033; x_wconf 83' lang='lat' dir='ltr'><strong>inscriptiones</strong></span> <span class='ocrx_word' id='word_1_44' title='bbox 962 943 1172 1012; x_wconf 88' lang='lat' dir='ltr'><strong>considerate</strong></span> <span class='ocrx_word' id='word_1_45' title='bbox 1198 945 1281 1012; x_wconf 80' lang='lat' dir='ltr'><strong>velit</strong></span> <span class='ocrx_word' id='word_1_46' title='bbox 1307 954 1344 1012; x_wconf 88' lang='lat' dir='ltr'><strong>et</strong></span> 
     </span>
     <span class='ocr_line' id='line_1_7' title="bbox 229 1038 1343 1139; baseline -0.004 -19"><span class='ocrx_word' id='word_1_47' title='bbox 229 1038 321 1121; x_wconf 87' lang='lat' dir='ltr'><strong>iusto</strong></span> <span class='ocrx_word' id='word_1_48' title='bbox 346 1070 424 1115; x_wconf 90' lang='lat' dir='ltr'><strong>cum</strong></span> <span class='ocrx_word' id='word_1_49' title='bbox 447 1068 602 1115; x_wconf 90' lang='lat' dir='ltr'><strong>successu</strong></span> <span class='ocrx_word' id='word_1_50' title='bbox 632 1054 786 1113; x_wconf 78' lang='lat' dir='ltr'><strong>tractme.</strong></span> <span class='ocrx_word' id='word_1_51' title='bbox 823 1046 939 1132; x_wconf 81' lang='lat' dir='ltr'><strong>Quare</strong></span> <span class='ocrx_word' id='word_1_52' title='bbox 965 1069 1092 1139; x_wconf 81' lang='lat' dir='ltr'><strong>operae</strong></span> <span class='ocrx_word' id='word_1_53' title='bbox 1116 1048 1264 1139; x_wconf 88' lang='lat' dir='ltr'><strong>pretium</strong></span> <span class='ocrx_word' id='word_1_54' title='bbox 1286 1048 1343 1116; x_wconf 87' lang='lat' dir='ltr'><strong>la-</strong></span> 
     </span>
     <span class='ocr_line' id='line_1_8' title="bbox 231 1148 1343 1243; baseline -0.003 -22"><span class='ocrx_word' id='word_1_55' title='bbox 231 1162 345 1222; x_wconf 88' lang='lat' dir='ltr'><strong>cturus</strong></span> <span class='ocrx_word' id='word_1_56' title='bbox 370 1150 453 1219; x_wconf 89' lang='lat' dir='ltr'><strong>milri</strong></span> <span class='ocrx_word' id='word_1_57' title='bbox 471 1149 600 1238; x_wconf 79' lang='lat' dir='ltr'><strong>videor,</strong></span> <span class='ocrx_word' id='word_1_58' title='bbox 628 1149 656 1215; x_wconf 89' lang='lat' dir='ltr'><strong>si</strong></span> <span class='ocrx_word' id='word_1_59' title='bbox 676 1148 720 1217; x_wconf 92' lang='lat' dir='ltr'><strong>de</strong></span> <span class='ocrx_word' id='word_1_60' title='bbox 738 1150 954 1240; x_wconf 78' lang='lat' dir='ltr'><strong>inscriptione</strong></span> <span class='ocrx_word' id='word_1_61' title='bbox 969 1151 1036 1238; x_wconf 89' lang='lat' dir='ltr'><strong>illa,</strong></span> <span class='ocrx_word' id='word_1_62' title='bbox 1055 1152 1232 1243; x_wconf 76' lang='lat' dir='ltr'><strong>perpensis</strong></span> <span class='ocrx_word' id='word_1_63' title='bbox 1252 1175 1343 1241; x_wconf 87' lang='lat' dir='ltr'><strong>quae</strong></span> 
     </span>
     <span class='ocr_line' id='line_1_9' title="bbox 230 1253 1343 1346; baseline -0.003 -22"><span class='ocrx_word' id='word_1_64' title='bbox 230 1256 392 1324; x_wconf 88' lang='lat' dir='ltr'><strong>hactenus</strong></span> <span class='ocrx_word' id='word_1_65' title='bbox 412 1254 512 1321; x_wconf 87' lang='lat' dir='ltr'><strong>allata</strong></span> <span class='ocrx_word' id='word_1_66' title='bbox 538 1259 624 1336; x_wconf 85' lang='lat' dir='ltr'><strong>sunt,</strong></span> <span class='ocrx_word' id='word_1_67' title='bbox 647 1253 841 1345; x_wconf 80' lang='lat' dir='ltr'><strong>explicatius</strong></span> <span class='ocrx_word' id='word_1_68' title='bbox 858 1275 1036 1346; x_wconf 81' lang='lat' dir='ltr'><strong>exponam.</strong></span> <span class='ocrx_word' id='word_1_69' title='bbox 1070 1254 1248 1344; x_wconf 81' lang='lat' dir='ltr'><strong>Simulque</strong></span> <span class='ocrx_word' id='word_1_70' title='bbox 1271 1254 1343 1322; x_wconf 92' lang='lat' dir='ltr'><strong>hoc</strong></span> 
     </span>
     <span class='ocr_line' id='line_1_10' title="bbox 231 1355 1342 1449; baseline -0.003 -20"><span class='ocrx_word' id='word_1_71' title='bbox 231 1383 287 1429; x_wconf 91' lang='lat' dir='ltr'><strong>me</strong></span> <span class='ocrx_word' id='word_1_72' title='bbox 314 1357 514 1427; x_wconf 85' lang='lat' dir='ltr'><strong>effecturum</strong></span> <span class='ocrx_word' id='word_1_73' title='bbox 541 1378 658 1447; x_wconf 86' lang='lat' dir='ltr'><strong>spero,</strong></span> <span class='ocrx_word' id='word_1_74' title='bbox 684 1364 722 1423; x_wconf 87' lang='lat' dir='ltr'><strong>ut</strong></span> <span class='ocrx_word' id='word_1_75' title='bbox 746 1355 948 1425; x_wconf 88' lang='lat' dir='ltr'><strong>Welckerus</strong></span> <span class='ocrx_word' id='word_1_76' title='bbox 974 1357 1047 1449; x_wconf 89' lang='lat' dir='ltr'><strong>ipse</strong></span> <span class='ocrx_word' id='word_1_77' title='bbox 1072 1357 1254 1449; x_wconf 82' lang='lat' dir='ltr'><strong>intelligat,</strong></span> <span class='ocrx_word' id='word_1_78' title='bbox 1282 1380 1342 1426; x_wconf 90' lang='lat' dir='ltr'><strong>me</strong></span> 
     </span>
     <span class='ocr_line' id='line_1_11' title="bbox 233 1459 1344 1553; baseline -0.001 -22"><span class='ocrx_word' id='word_1_79' title='bbox 233 1462 277 1531; x_wconf 93' lang='lat' dir='ltr'><strong>de</strong></span> <span class='ocrx_word' id='word_1_80' title='bbox 303 1462 390 1529; x_wconf 93' lang='lat' dir='ltr'><strong>libro</strong></span> <span class='ocrx_word' id='word_1_81' title='bbox 422 1460 552 1528; x_wconf 82' lang='lat' dir='ltr'><strong>sinsin</strong></span> <span class='ocrx_word' id='word_1_82' title='bbox 578 1482 719 1527; x_wconf 87' lang='lat' dir='ltr'><strong>censura</strong></span> <span class='ocrx_word' id='word_1_83' title='bbox 747 1460 940 1550; x_wconf 83' lang='lat' dir='ltr'><strong>illoneque</strong></span> <span class='ocrx_word' id='word_1_84' title='bbox 974 1460 1086 1551; x_wconf 85' lang='lat' dir='ltr'><strong>inique</strong></span> <span class='ocrx_word' id='word_1_85' title='bbox 1118 1483 1181 1529; x_wconf 89' lang='lat' dir='ltr'><strong>nec</strong></span> <span class='ocrx_word' id='word_1_86' title='bbox 1216 1459 1344 1553; x_wconf 90' lang='lat' dir='ltr'><strong>cupide</strong></span> 
     </span>
     <span class='ocr_line' id='line_1_12' title="bbox 232 1562 1344 1653; baseline -0.004 -19"><span class='ocrx_word' id='word_1_87' title='bbox 232 1565 414 1650; x_wconf 88' lang='lat' dir='ltr'><strong>iudicasse,</strong></span> <span class='ocrx_word' id='word_1_88' title='bbox 452 1564 642 1653; x_wconf 83' lang='lat' dir='ltr'><strong>librumque</strong></span> <span class='ocrx_word' id='word_1_89' title='bbox 667 1562 762 1630; x_wconf 94' lang='lat' dir='ltr'><strong>illum</strong></span> <span class='ocrx_word' id='word_1_90' title='bbox 795 1563 823 1630; x_wconf 92' lang='lat' dir='ltr'><strong>si</strong></span> <span class='ocrx_word' id='word_1_91' title='bbox 849 1563 923 1652; x_wconf 87' lang='lat' dir='ltr'><strong>quis</strong></span> <span class='ocrx_word' id='word_1_92' title='bbox 948 1573 1057 1632; x_wconf 90' lang='lat' dir='ltr'><strong>totum</strong></span> <span class='ocrx_word' id='word_1_93' title='bbox 1083 1564 1149 1652; x_wconf 87' lang='lat' dir='ltr'><strong>sic,</strong></span> <span class='ocrx_word' id='word_1_94' title='bbox 1184 1563 1234 1631; x_wconf 87' lang='lat' dir='ltr'><strong>uti</strong></span> <span class='ocrx_word' id='word_1_95' title='bbox 1252 1586 1344 1633; x_wconf 91' lang='lat' dir='ltr'><strong>nunc</strong></span> 
     </span>
     <span class='ocr_line' id='line_1_13' title="bbox 232 1665 1342 1759; baseline -0.003 -21"><span class='ocrx_word' id='word_1_96' title='bbox 232 1693 301 1739; x_wconf 88' lang='lat' dir='ltr'><strong>una</strong></span> <span class='ocrx_word' id='word_1_97' title='bbox 321 1669 353 1736; x_wconf 91' lang='lat' dir='ltr'><strong>in</strong></span> <span class='ocrx_word' id='word_1_98' title='bbox 379 1667 593 1759; x_wconf 89' lang='lat' dir='ltr'><strong>inscriptione</strong></span> <span class='ocrx_word' id='word_1_99' title='bbox 612 1665 745 1753; x_wconf 86' lang='lat' dir='ltr'><strong>faciam,</strong></span> <span class='ocrx_word' id='word_1_100' title='bbox 771 1689 974 1759; x_wconf 88' lang='lat' dir='ltr'><strong>percensere</strong></span> <span class='ocrx_word' id='word_1_101' title='bbox 1000 1667 1155 1752; x_wconf 85' lang='lat' dir='ltr'><strong>voluerit,</strong></span> <span class='ocrx_word' id='word_1_102' title='bbox 1182 1689 1251 1735; x_wconf 89' lang='lat' dir='ltr'><strong>non</strong></span> <span class='ocrx_word' id='word_1_103' title='bbox 1277 1667 1342 1735; x_wconf 91' lang='lat' dir='ltr'><strong>de-</strong></span> 
     </span>
     <span class='ocr_line' id='line_1_14' title="bbox 232 1765 1344 1864; baseline -0.003 -23"><span class='ocrx_word' id='word_1_104' title='bbox 232 1772 381 1841; x_wconf 80' lang='lat' dir='ltr'><strong>futuram</strong></span> <span class='ocrx_word' id='word_1_105' title='bbox 411 1793 483 1839; x_wconf 90' lang='lat' dir='ltr'><strong>esse</strong></span> <span class='ocrx_word' id='word_1_106' title='bbox 517 1769 693 1839; x_wconf 85' lang='lat' dir='ltr'><strong>materiam</strong></span> <span class='ocrx_word' id='word_1_107' title='bbox 717 1770 969 1839; x_wconf 87' lang='lat' dir='ltr'><strong>confirmandae</strong></span> <span class='ocrx_word' id='word_1_108' title='bbox 995 1795 1099 1860; x_wconf 90' lang='lat' dir='ltr'><strong>quam</strong></span> <span class='ocrx_word' id='word_1_109' title='bbox 1123 1765 1344 1864; x_wconf 77' lang='lat' dir='ltr'><strong>pronunciavi</strong></span> 
     </span>
     <span class='ocr_line' id='line_1_15' title="bbox 220 1874 424 1946; baseline -0.029 0"><span class='ocrx_word' id='word_1_110' title='bbox 220 1874 424 1946; x_wconf 80' lang='lat' dir='ltr'><strong>sententiae.</strong></span> 
     </span>
    </p>

    <p class='ocr_par' dir='ltr' id='par_1_3' title="bbox 231 1975 1345 3515">
     <span class='ocr_line' id='line_1_16' title="bbox 317 1975 1344 2070; baseline -0.002 -24"><span class='ocrx_word' id='word_1_111' title='bbox 317 1979 484 2070; x_wconf 87' lang='lat' dir='ltr'><strong>Apertum</strong></span> <span class='ocrx_word' id='word_1_112' title='bbox 499 1985 550 2044; x_wconf 86' lang='lat' dir='ltr'><strong>est</strong></span> <span class='ocrx_word' id='word_1_113' title='bbox 569 1977 603 2044; x_wconf 92' lang='lat' dir='ltr'><strong>in</strong></span> <span class='ocrx_word' id='word_1_114' title='bbox 616 1975 823 2068; x_wconf 80' lang='lat' dir='ltr'><strong>explicandis</strong></span> <span class='ocrx_word' id='word_1_115' title='bbox 840 1975 1111 2068; x_wconf 77' lang='lat' dir='ltr'><strong>inscriptionibps</strong></span> <span class='ocrx_word' id='word_1_116' title='bbox 1132 1985 1210 2045; x_wconf 89' lang='lat' dir='ltr'><strong>ante</strong></span> <span class='ocrx_word' id='word_1_117' title='bbox 1229 1977 1344 2044; x_wconf 90' lang='lat' dir='ltr'><strong>omnia</strong></span> 
     </span>
     <span class='ocr_line' id='line_1_17' title="bbox 233 2066 1345 2170; baseline -0.003 -20"><span class='ocrx_word' id='word_1_118' title='bbox 233 2082 278 2150; x_wconf 89' lang='lat' dir='ltr'><strong>de</strong></span> <span class='ocrx_word' id='word_1_119' title='bbox 304 2082 341 2149; x_wconf 90' lang='lat' dir='ltr'><strong>iis</strong></span> <span class='ocrx_word' id='word_1_120' title='bbox 365 2103 452 2170; x_wconf 87' lang='lat' dir='ltr'><strong>quae</strong></span> <span class='ocrx_word' id='word_1_121' title='bbox 479 2066 615 2148; x_wconf 80' lang='lat' dir='ltr'><strong>externa</strong></span> <span class='ocrx_word' id='word_1_122' title='bbox 643 2079 784 2149; x_wconf 86' lang='lat' dir='ltr'><strong>dicimus</strong></span> <span class='ocrx_word' id='word_1_123' title='bbox 820 2079 1052 2170; x_wconf 90' lang='lat' dir='ltr'><strong>quaerendum</strong></span> <span class='ocrx_word' id='word_1_124' title='bbox 1085 2103 1174 2149; x_wconf 84' lang='lat' dir='ltr'><strong>esse:</strong></span> <span class='ocrx_word' id='word_1_125' title='bbox 1215 2081 1345 2170; x_wconf 92' lang='lat' dir='ltr'><strong>quain</strong></span> 
     </span>
     <span class='ocr_line' id='line_1_18' title="bbox 232 2181 1343 2276; baseline -0.003 -23"><span class='ocrx_word' id='word_1_126' title='bbox 232 2196 323 2253; x_wconf 86' lang='lat' dir='ltr'><strong>terra</strong></span> <span class='ocrx_word' id='word_1_127' title='bbox 347 2185 482 2251; x_wconf 89' lang='lat' dir='ltr'><strong>inventa</strong></span> <span class='ocrx_word' id='word_1_128' title='bbox 508 2183 549 2250; x_wconf 90' lang='lat' dir='ltr'><strong>sit</strong></span> <span class='ocrx_word' id='word_1_129' title='bbox 573 2183 766 2274; x_wconf 88' lang='lat' dir='ltr'><strong>inscriptio;</strong></span> <span class='ocrx_word' id='word_1_130' title='bbox 793 2205 861 2271; x_wconf 90' lang='lat' dir='ltr'><strong>quo</strong></span> <span class='ocrx_word' id='word_1_131' title='bbox 884 2183 961 2250; x_wconf 92' lang='lat' dir='ltr'><strong>loco</strong></span> <span class='ocrx_word' id='word_1_132' title='bbox 987 2185 1116 2276; x_wconf 83' lang='lat' dir='ltr'><strong>posita3</strong></span> <span class='ocrx_word' id='word_1_133' title='bbox 1143 2181 1226 2275; x_wconf 92' lang='lat' dir='ltr'><strong>quid</strong></span> <span class='ocrx_word' id='word_1_134' title='bbox 1253 2184 1343 2251; x_wconf 90' lang='lat' dir='ltr'><strong>circa</strong></span> 
     </span>
     <span class='ocr_line' id='line_1_19' title="bbox 232 2285 1341 2377; baseline -0.003 -20"><span class='ocrx_word' id='word_1_135' title='bbox 232 2309 308 2357; x_wconf 86' lang='lat' dir='ltr'><strong>eam</strong></span> <span class='ocrx_word' id='word_1_136' title='bbox 334 2285 455 2367; x_wconf 84' lang='lat' dir='ltr'><strong>fuerit3</strong></span> <span class='ocrx_word' id='word_1_137' title='bbox 481 2285 563 2375; x_wconf 87' lang='lat' dir='ltr'><strong>quid</strong></span> <span class='ocrx_word' id='word_1_138' title='bbox 588 2295 724 2377; x_wconf 89' lang='lat' dir='ltr'><strong>praeter</strong></span> <span class='ocrx_word' id='word_1_139' title='bbox 749 2285 859 2376; x_wconf 90' lang='lat' dir='ltr'><strong>ipsam</strong></span> <span class='ocrx_word' id='word_1_140' title='bbox 880 2297 1097 2356; x_wconf 90' lang='lat' dir='ltr'><strong>monumento</strong></span> <span class='ocrx_word' id='word_1_141' title='bbox 1123 2286 1341 2374; x_wconf 89' lang='lat' dir='ltr'><strong>contineatur,</strong></span> 
     </span>
     <span class='ocr_line' id='line_1_20' title="bbox 232 2386 1342 2481; baseline -0.003 -21"><span class='ocrx_word' id='word_1_142' title='bbox 232 2413 313 2460; x_wconf 89' lang='lat' dir='ltr'><strong>num</strong></span> <span class='ocrx_word' id='word_1_143' title='bbox 339 2398 464 2475; x_wconf 90' lang='lat' dir='ltr'><strong>statua,</strong></span> <span class='ocrx_word' id='word_1_144' title='bbox 503 2411 546 2457; x_wconf 90' lang='lat' dir='ltr'><strong>an</strong></span> <span class='ocrx_word' id='word_1_145' title='bbox 571 2389 707 2481; x_wconf 82' lang='lat' dir='ltr'><strong>imago,</strong></span> <span class='ocrx_word' id='word_1_146' title='bbox 748 2398 782 2457; x_wconf 87' lang='lat' dir='ltr'><strong>et</strong></span> <span class='ocrx_word' id='word_1_147' title='bbox 807 2411 849 2456; x_wconf 87' lang='lat' dir='ltr'><strong>ea</strong></span> <span class='ocrx_word' id='word_1_148' title='bbox 875 2389 968 2457; x_wconf 88' lang='lat' dir='ltr'><strong>cuius</strong></span> <span class='ocrx_word' id='word_1_149' title='bbox 994 2386 1059 2474; x_wconf 72' lang='lat' dir='ltr'><strong>rei}</strong></span> <span class='ocrx_word' id='word_1_150' title='bbox 1099 2388 1222 2458; x_wconf 90' lang='lat' dir='ltr'><strong>deinde</strong></span> <span class='ocrx_word' id='word_1_151' title='bbox 1254 2391 1342 2458; x_wconf 89' lang='lat' dir='ltr'><strong>inte-</strong></span> 
     </span>
     <span class='ocr_line' id='line_1_21' title="bbox 233 2493 1342 2588; baseline -0.002 -27"><span class='ocrx_word' id='word_1_152' title='bbox 233 2516 378 2588; x_wconf 80' lang='lat' dir='ltr'><strong>grumne</strong></span> <span class='ocrx_word' id='word_1_153' title='bbox 405 2493 516 2561; x_wconf 87' lang='lat' dir='ltr'><strong>sitan</strong></span> <span class='ocrx_word' id='word_1_154' title='bbox 540 2494 746 2578; x_wconf 87' lang='lat' dir='ltr'><strong>mutilatum,</strong></span> <span class='ocrx_word' id='word_1_155' title='bbox 792 2502 826 2559; x_wconf 88' lang='lat' dir='ltr'><strong>et</strong></span> <span class='ocrx_word' id='word_1_156' title='bbox 860 2514 929 2582; x_wconf 93' lang='lat' dir='ltr'><strong>quo</strong></span> <span class='ocrx_word' id='word_1_157' title='bbox 963 2493 1068 2563; x_wconf 91' lang='lat' dir='ltr'><strong>modo</strong></span> <span class='ocrx_word' id='word_1_158' title='bbox 1094 2494 1242 2575; x_wconf 84' lang='lat' dir='ltr'><strong>laesum3</strong></span> <span class='ocrx_word' id='word_1_159' title='bbox 1276 2514 1342 2584; x_wconf 90' lang='lat' dir='ltr'><strong>po·</strong></span> 
     </span>
     <span class='ocr_line' id='line_1_22' title="bbox 232 2590 1343 2688; baseline -0.004 -21"><span class='ocrx_word' id='word_1_160' title='bbox 232 2608 357 2668; x_wconf 88' lang='lat' dir='ltr'><strong>stremo</strong></span> <span class='ocrx_word' id='word_1_161' title='bbox 379 2597 454 2688; x_wconf 91' lang='lat' dir='ltr'><strong>ipsa</strong></span> <span class='ocrx_word' id='word_1_162' title='bbox 480 2598 645 2688; x_wconf 90' lang='lat' dir='ltr'><strong>scriptura</strong></span> <span class='ocrx_word' id='word_1_163' title='bbox 671 2606 706 2665; x_wconf 92' lang='lat' dir='ltr'><strong>et</strong></span> <span class='ocrx_word' id='word_1_164' title='bbox 732 2595 895 2685; x_wconf 88' lang='lat' dir='ltr'><strong>quidquid</strong></span> <span class='ocrx_word' id='word_1_165' title='bbox 922 2595 966 2663; x_wconf 92' lang='lat' dir='ltr'><strong>ad</strong></span> <span class='ocrx_word' id='word_1_166' title='bbox 993 2590 1068 2667; x_wconf 88' lang='lat' dir='ltr'><strong>eam</strong></span> <span class='ocrx_word' id='word_1_167' title='bbox 1092 2596 1239 2688; x_wconf 90' lang='lat' dir='ltr'><strong>pertinet</strong></span> <span class='ocrx_word' id='word_1_168' title='bbox 1273 2618 1343 2686; x_wconf 92' lang='lat' dir='ltr'><strong>quo</strong></span> 
     </span>
     <span class='ocr_line' id='line_1_23' title="bbox 231 2698 1343 2793; baseline -0.004 -23"><span class='ocrx_word' id='word_1_169' title='bbox 231 2700 337 2770; x_wconf 90' lang='lat' dir='ltr'><strong>modo</strong></span> <span class='ocrx_word' id='word_1_170' title='bbox 364 2701 405 2768; x_wconf 88' lang='lat' dir='ltr'><strong>sit</strong></span> <span class='ocrx_word' id='word_1_171' title='bbox 430 2710 672 2791; x_wconf 90' lang='lat' dir='ltr'><strong>comparatum.</strong></span> <span class='ocrx_word' id='word_1_172' title='bbox 724 2699 814 2766; x_wconf 88' lang='lat' dir='ltr'><strong>Hinc</strong></span> <span class='ocrx_word' id='word_1_173' title='bbox 847 2699 968 2766; x_wconf 90' lang='lat' dir='ltr'><strong>merito</strong></span> <span class='ocrx_word' id='word_1_174' title='bbox 994 2723 1097 2793; x_wconf 82' lang='lat' dir='ltr'><strong>aegre</strong></span> <span class='ocrx_word' id='word_1_175' title='bbox 1124 2700 1281 2784; x_wconf 88' lang='lat' dir='ltr'><strong>ferimus,</strong></span> <span class='ocrx_word' id='word_1_176' title='bbox 1315 2698 1343 2766; x_wconf 90' lang='lat' dir='ltr'><strong>si</strong></span> 
     </span>
     <span class='ocr_line' id='line_1_24' title="bbox 232 2800 1343 2893; baseline -0.003 -22"><span class='ocrx_word' id='word_1_177' title='bbox 232 2803 357 2871; x_wconf 90' lang='lat' dir='ltr'><strong>borum</strong></span> <span class='ocrx_word' id='word_1_178' title='bbox 379 2801 529 2891; x_wconf 84' lang='lat' dir='ltr'><strong>aliquid,¹</strong></span> <span class='ocrx_word' id='word_1_179' title='bbox 545 2826 614 2892; x_wconf 93' lang='lat' dir='ltr'><strong>quo</strong></span> <span class='ocrx_word' id='word_1_180' title='bbox 639 2802 729 2870; x_wconf 89' lang='lat' dir='ltr'><strong>forte</strong></span> <span class='ocrx_word' id='word_1_181' title='bbox 756 2801 803 2868; x_wconf 89' lang='lat' dir='ltr'><strong>uti</strong></span> <span class='ocrx_word' id='word_1_182' title='bbox 828 2824 1022 2893; x_wconf 87' lang='lat' dir='ltr'><strong>possemus,</strong></span> <span class='ocrx_word' id='word_1_183' title='bbox 1048 2826 1116 2872; x_wconf 93' lang='lat' dir='ltr'><strong>uon</strong></span> <span class='ocrx_word' id='word_1_184' title='bbox 1143 2812 1194 2872; x_wconf 88' lang='lat' dir='ltr'><strong>est</strong></span> <span class='ocrx_word' id='word_1_185' title='bbox 1211 2800 1343 2870; x_wconf 88' lang='lat' dir='ltr'><strong>indica-</strong></span> 
     </span>
     <span class='ocr_line' id='line_1_25' title="bbox 232 2904 1343 2997; baseline -0.002 -23"><span class='ocrx_word' id='word_1_186' title='bbox 232 2916 324 2996; x_wconf 89' lang='lat' dir='ltr'><strong>tum,</strong></span> <span class='ocrx_word' id='word_1_187' title='bbox 357 2906 571 2996; x_wconf 83' lang='lat' dir='ltr'><strong>maximeque</strong></span> <span class='ocrx_word' id='word_1_188' title='bbox 598 2905 692 2997; x_wconf 92' lang='lat' dir='ltr'><strong>quod</strong></span> <span class='ocrx_word' id='word_1_189' title='bbox 717 2904 762 2972; x_wconf 91' lang='lat' dir='ltr'><strong>ad</strong></span> <span class='ocrx_word' id='word_1_190' title='bbox 787 2905 973 2997; x_wconf 89' lang='lat' dir='ltr'><strong>scripturae</strong></span> <span class='ocrx_word' id='word_1_191' title='bbox 999 2915 1033 2975; x_wconf 91' lang='lat' dir='ltr'><strong>et</strong></span> <span class='ocrx_word' id='word_1_192' title='bbox 1057 2906 1244 2975; x_wconf 88' lang='lat' dir='ltr'><strong>litterarum</strong></span> <span class='ocrx_word' id='word_1_193' title='bbox 1269 2904 1343 2974; x_wconf 85' lang='lat' dir='ltr'><strong>for-</strong></span> 
     </span>
     <span class='ocr_line' id='line_1_26' title="bbox 233 3009 1343 3103; baseline -0.003 -24"><span class='ocrx_word' id='word_1_194' title='bbox 233 3033 325 3079; x_wconf 89' lang='lat' dir='ltr'><strong>mam</strong></span> <span class='ocrx_word' id='word_1_195' title='bbox 351 3010 476 3077; x_wconf 88' lang='lat' dir='ltr'><strong>attinet.</strong></span> <span class='ocrx_word' id='word_1_196' title='bbox 517 3012 606 3078; x_wconf 92' lang='lat' dir='ltr'><strong>Nam</strong></span> <span class='ocrx_word' id='word_1_197' title='bbox 627 3009 654 3078; x_wconf 92' lang='lat' dir='ltr'><strong>si</strong></span> <span class='ocrx_word' id='word_1_198' title='bbox 674 3010 859 3076; x_wconf 88' lang='lat' dir='ltr'><strong>litterarum</strong></span> <span class='ocrx_word' id='word_1_199' title='bbox 890 3010 974 3078; x_wconf 87' lang='lat' dir='ltr'><strong>aliae</strong></span> <span class='ocrx_word' id='word_1_200' title='bbox 1000 3011 1150 3103; x_wconf 83' lang='lat' dir='ltr'><strong>figurae,</strong></span> <span class='ocrx_word' id='word_1_201' title='bbox 1185 3031 1343 3078; x_wconf 87' lang='lat' dir='ltr'><strong>versuum</strong></span> 
     </span>
     <span class='ocr_line' id='line_1_27' title="bbox 235 3104 1342 3196; baseline -0.004 -13"><span class='ocrx_word' id='word_1_202' title='bbox 235 3113 319 3183; x_wconf 89' lang='lat' dir='ltr'><strong>aliae</strong></span> <span class='ocrx_word' id='word_1_203' title='bbox 347 3112 544 3196; x_wconf 82' lang='lat' dir='ltr'><strong>divisiones,</strong></span> <span class='ocrx_word' id='word_1_204' title='bbox 581 3113 824 3182; x_wconf 88' lang='lat' dir='ltr'><strong>vocabulorum</strong></span> <span class='ocrx_word' id='word_1_205' title='bbox 851 3104 914 3180; x_wconf 85' lang='lat' dir='ltr'><strong>alia</strong></span> <span class='ocrx_word' id='word_1_206' title='bbox 941 3113 1112 3181; x_wconf 88' lang='lat' dir='ltr'><strong>scribendi</strong></span> <span class='ocrx_word' id='word_1_207' title='bbox 1137 3114 1223 3181; x_wconf 89' lang='lat' dir='ltr'><strong>ratio</strong></span> <span class='ocrx_word' id='word_1_208' title='bbox 1251 3112 1342 3180; x_wconf 80' lang='lat' dir='ltr'><strong>exhi-</strong></span> 
     </span>
     <span class='ocr_line' id='line_1_28' title="bbox 233 3214 1340 3308; baseline 0 -23"><span class='ocrx_word' id='word_1_209' title='bbox 233 3219 352 3303; x_wconf 90' lang='lat' dir='ltr'><strong>betur,</strong></span> <span class='ocrx_word' id='word_1_210' title='bbox 379 3216 513 3283; x_wconf 81' lang='lat' dir='ltr'><strong>vacillat</strong></span> <span class='ocrx_word' id='word_1_211' title='bbox 538 3217 638 3284; x_wconf 86' lang='lat' dir='ltr'><strong>firmo</strong></span> <span class='ocrx_word' id='word_1_212' title='bbox 664 3215 883 3283; x_wconf 85' lang='lat' dir='ltr'><strong>fundamento</strong></span> <span class='ocrx_word' id='word_1_213' title='bbox 913 3214 1071 3284; x_wconf 87' lang='lat' dir='ltr'><strong>destituta</strong></span> <span class='ocrx_word' id='word_1_214' title='bbox 1094 3238 1203 3308; x_wconf 85' lang='lat' dir='ltr'><strong>opera</strong></span> <span class='ocrx_word' id='word_1_215' title='bbox 1226 3215 1340 3285; x_wconf 89' lang='lat' dir='ltr'><strong>critici.</strong></span> 
     </span>
     <span class='ocr_line' id='line_1_29' title="bbox 235 3317 1341 3410; baseline -0.005 -20"><span class='ocrx_word' id='word_1_216' title='bbox 235 3320 298 3390; x_wconf 79' lang='lat' dir='ltr'><strong>cni</strong></span> <span class='ocrx_word' id='word_1_217' title='bbox 333 3343 437 3409; x_wconf 90' lang='lat' dir='ltr'><strong>quum</strong></span> <span class='ocrx_word' id='word_1_218' title='bbox 470 3320 636 3387; x_wconf 88' lang='lat' dir='ltr'><strong>rarissime</strong></span> <span class='ocrx_word' id='word_1_219' title='bbox 670 3318 843 3410; x_wconf 84' lang='lat' dir='ltr'><strong>contingat</strong></span> <span class='ocrx_word' id='word_1_220' title='bbox 867 3328 904 3386; x_wconf 90' lang='lat' dir='ltr'><strong>ut</strong></span> <span class='ocrx_word' id='word_1_221' title='bbox 929 3320 1004 3410; x_wconf 89' lang='lat' dir='ltr'><strong>ipsa</strong></span> <span class='ocrx_word' id='word_1_222' title='bbox 1030 3328 1106 3387; x_wconf 87' lang='lat' dir='ltr'><strong>ante</strong></span> <span class='ocrx_word' id='word_1_223' title='bbox 1134 3319 1252 3388; x_wconf 87' lang='lat' dir='ltr'><strong>oculos</strong></span> <span class='ocrx_word' id='word_1_224' title='bbox 1278 3317 1341 3385; x_wconf 88' lang='lat' dir='ltr'><strong>ha-</strong></span> 
     </span>
     <span class='ocr_line' id='line_1_30' title="bbox 234 3414 1341 3515; baseline -0.003 -24"><span class='ocrx_word' id='word_1_225' title='bbox 234 3423 315 3491; x_wconf 88' lang='lat' dir='ltr'><strong>beat</strong></span> <span class='ocrx_word' id='word_1_226' title='bbox 349 3414 584 3509; x_wconf 84' lang='lat' dir='ltr'><strong>monumenta,</strong></span> <span class='ocrx_word' id='word_1_227' title='bbox 624 3423 826 3515; x_wconf 89' lang='lat' dir='ltr'><strong>plerumque</strong></span> <span class='ocrx_word' id='word_1_228' title='bbox 852 3431 964 3490; x_wconf 90' lang='lat' dir='ltr'><strong>antem</strong></span> <span class='ocrx_word' id='word_1_229' title='bbox 990 3423 1152 3515; x_wconf 83' lang='lat' dir='ltr'><strong>exemplis</strong></span> <span class='ocrx_word' id='word_1_230' title='bbox 1178 3420 1341 3489; x_wconf 85' lang='lat' dir='ltr'><strong>inritando</strong></span> 
     </span>
    </p>
   </div>
   <div class='ocr_carea' id='block_1_3' title="bbox 102 3519 1341 3618">
    <p class='ocr_par' dir='ltr' id='par_1_4' title="bbox 102 3519 1341 3618">
     <span class='ocr_line' id='line_1_31' title="bbox 102 3519 1341 3618; baseline -0.003 -24"><span class='ocrx_word' id='word_1_231' title='bbox 102 3519 112 3526; x_wconf 65' lang='grc'><strong>”</strong></span> <span class='ocrx_word' id='word_1_232' title='bbox 166 3604 175 3613; x_wconf 17' lang='lat'>⁸</span> <span class='ocrx_word' id='word_1_233' title='bbox 235 3525 342 3618; x_wconf 79' lang='lat' dir='ltr'><strong>captis</strong></span> <span class='ocrx_word' id='word_1_234' title='bbox 364 3526 420 3592; x_wconf 89' lang='lat' dir='ltr'><strong>vel</strong></span> <span class='ocrx_word' id='word_1_235' title='bbox 444 3526 685 3609; x_wconf 89' lang='lat' dir='ltr'><strong>narrationibus</strong></span> <span class='ocrx_word' id='word_1_236' title='bbox 710 3525 816 3592; x_wconf 85' lang='lat' dir='ltr'><strong>fidem</strong></span> <span class='ocrx_word' id='word_1_237' title='bbox 839 3524 968 3593; x_wconf 88' lang='lat' dir='ltr'><strong>habere</strong></span> <span class='ocrx_word' id='word_1_238' title='bbox 991 3526 1131 3595; x_wconf 87' lang='lat' dir='ltr'><strong>debeat:</strong></span> <span class='ocrx_word' id='word_1_239' title='bbox 1157 3523 1341 3617; x_wconf 83' lang='lat' dir='ltr'><strong>religiosis-</strong></span> 
     </span>
    </p>
   </div>
   <div class='ocr_carea' id='block_1_4' title="bbox 194 3627 1351 4237">
    <p class='ocr_par' dir='ltr' id='par_1_5' title="bbox 194 3627 1351 4237">
     <span class='ocr_line' id='line_1_32' title="bbox 236 3627 1341 3722; baseline -0.005 -23"><span class='ocrx_word' id='word_1_240' title='bbox 236 3630 318 3699; x_wconf 88' lang='lat' dir='ltr'><strong>sime</strong></span> <span class='ocrx_word' id='word_1_241' title='bbox 346 3651 463 3697; x_wconf 89' lang='lat' dir='ltr'><strong>curare</strong></span> <span class='ocrx_word' id='word_1_242' title='bbox 497 3637 652 3722; x_wconf 91' lang='lat' dir='ltr'><strong>oportet,</strong></span> <span class='ocrx_word' id='word_1_243' title='bbox 686 3629 745 3719; x_wconf 93' lang='lat' dir='ltr'><strong>qui</strong></span> <span class='ocrx_word' id='word_1_244' title='bbox 769 3636 862 3696; x_wconf 88' lang='lat' dir='ltr'><strong>recte</strong></span> <span class='ocrx_word' id='word_1_245' title='bbox 889 3629 1053 3697; x_wconf 88' lang='lat' dir='ltr'><strong>disserere</strong></span> <span class='ocrx_word' id='word_1_246' title='bbox 1080 3629 1124 3697; x_wconf 88' lang='lat' dir='ltr'><strong>de</strong></span> <span class='ocrx_word' id='word_1_247' title='bbox 1150 3627 1341 3719; x_wconf 88' lang='lat' dir='ltr'><strong>inscriptio-</strong></span> 
     </span>
     <span class='ocr_line' id='line_1_33' title="bbox 235 3729 1341 3825; baseline -0.003 -23"><span class='ocrx_word' id='word_1_248' title='bbox 235 3734 332 3802; x_wconf 89' lang='lat' dir='ltr'><strong>nibus</strong></span> <span class='ocrx_word' id='word_1_249' title='bbox 352 3733 433 3816; x_wconf 81' lang='lat' dir='ltr'><strong>volt,</strong></span> <span class='ocrx_word' id='word_1_250' title='bbox 460 3741 496 3799; x_wconf 92' lang='lat' dir='ltr'><strong>ut</strong></span> <span class='ocrx_word' id='word_1_251' title='bbox 522 3731 566 3799; x_wconf 89' lang='lat' dir='ltr'><strong>ad</strong></span> <span class='ocrx_word' id='word_1_252' title='bbox 591 3733 741 3825; x_wconf 91' lang='lat' dir='ltr'><strong>primum</strong></span> <span class='ocrx_word' id='word_1_253' title='bbox 767 3740 801 3800; x_wconf 91' lang='lat' dir='ltr'><strong>et</strong></span> <span class='ocrx_word' id='word_1_254' title='bbox 816 3732 1036 3801; x_wconf 87' lang='lat' dir='ltr'><strong>certissimum</strong></span> <span class='ocrx_word' id='word_1_255' title='bbox 1058 3739 1092 3800; x_wconf 85' lang='lat' dir='ltr'><strong>et</strong></span> <span class='ocrx_word' id='word_1_256' title='bbox 1116 3729 1263 3800; x_wconf 84' lang='lat' dir='ltr'><strong>maxime</strong></span> <span class='ocrx_word' id='word_1_257' title='bbox 1288 3730 1341 3798; x_wconf 91' lang='lat' dir='ltr'><strong>in-</strong></span> 
     </span>
     <span class='ocr_line' id='line_1_34' title="bbox 235 3835 1351 3929; baseline -0.004 -25"><span class='ocrx_word' id='word_1_258' title='bbox 235 3845 372 3929; x_wconf 78' lang='lat' dir='ltr'><strong>tegrum</strong></span> <span class='ocrx_word' id='word_1_259' title='bbox 402 3835 532 3904; x_wconf 88' lang='lat' dir='ltr'><strong>fontem</strong></span> <span class='ocrx_word' id='word_1_260' title='bbox 558 3836 687 3910; x_wconf 87' lang='lat' dir='ltr'><strong>redeat.</strong></span> <span class='ocrx_word' id='word_1_261' title='bbox 741 3835 846 3921; x_wconf 81' lang='lat' dir='ltr'><strong>Quod</strong></span> <span class='ocrx_word' id='word_1_262' title='bbox 862 3835 889 3903; x_wconf 91' lang='lat' dir='ltr'><strong>si</strong></span> <span class='ocrx_word' id='word_1_263' title='bbox 916 3836 1160 3926; x_wconf 90' lang='lat' dir='ltr'><strong>circumspecte</strong></span> <span class='ocrx_word' id='word_1_264' title='bbox 1176 3843 1280 3924; x_wconf 90' lang='lat' dir='ltr'><strong>atque</strong></span> <span class='ocrx_word' id='word_1_265' title='bbox 1306 3840 1351 3900; x_wconf 87' lang='lat' dir='ltr'><strong>ut·</strong></span> 
     </span>
     <span class='ocr_line' id='line_1_35' title="bbox 194 3935 1342 4032; baseline -0.003 -26"><span class='ocrx_word' id='word_1_266' title='bbox 194 4000 200 4014; x_wconf 83' lang='grc'><strong>,</strong></span> <span class='ocrx_word' id='word_1_267' title='bbox 234 3939 440 4030; x_wconf 88' lang='lat' dir='ltr'><strong>persuadeat</strong></span> <span class='ocrx_word' id='word_1_268' title='bbox 465 3940 535 4008; x_wconf 87' lang='lat' dir='ltr'><strong>aliis</strong></span> <span class='ocrx_word' id='word_1_269' title='bbox 568 3939 758 4032; x_wconf 89' lang='lat' dir='ltr'><strong>procedere</strong></span> <span class='ocrx_word' id='word_1_270' title='bbox 779 3940 888 4024; x_wconf 87' lang='lat' dir='ltr'><strong>volet,</strong></span> <span class='ocrx_word' id='word_1_271' title='bbox 920 3941 995 4032; x_wconf 92' lang='lat' dir='ltr'><strong>ipse</strong></span> <span class='ocrx_word' id='word_1_272' title='bbox 1027 3940 1142 4030; x_wconf 91' lang='lat' dir='ltr'><strong>primo</strong></span> <span class='ocrx_word' id='word_1_273' title='bbox 1168 3936 1217 4006; x_wconf 86' lang='lat' dir='ltr'><strong>sic</strong></span> <span class='ocrx_word' id='word_1_274' title='bbox 1244 3935 1342 4005; x_wconf 82' lang='lat' dir='ltr'><strong>exhi-</strong></span> 
     </span>
     <span class='ocr_line' id='line_1_36' title="bbox 236 4039 1340 4135; baseline -0.003 -26"><span class='ocrx_word' id='word_1_275' title='bbox 236 4041 330 4109; x_wconf 90' lang='lat' dir='ltr'><strong>bebit</strong></span> <span class='ocrx_word' id='word_1_276' title='bbox 355 4043 617 4135; x_wconf 86' lang='lat' dir='ltr'><strong>inscriptionem,</strong></span> <span class='ocrx_word' id='word_1_277' title='bbox 642 4050 680 4110; x_wconf 87' lang='lat' dir='ltr'><strong>ut</strong></span> <span class='ocrx_word' id='word_1_278' title='bbox 706 4042 826 4129; x_wconf 85' lang='lat' dir='ltr'><strong>omnia,</strong></span> <span class='ocrx_word' id='word_1_279' title='bbox 855 4065 942 4132; x_wconf 88' lang='lat' dir='ltr'><strong>quae</strong></span> <span class='ocrx_word' id='word_1_280' title='bbox 965 4043 1010 4111; x_wconf 91' lang='lat' dir='ltr'><strong>ad</strong></span> <span class='ocrx_word' id='word_1_281' title='bbox 1035 4041 1194 4109; x_wconf 88' lang='lat' dir='ltr'><strong>iudicium</strong></span> <span class='ocrx_word' id='word_1_282' title='bbox 1214 4039 1340 4107; x_wconf 84' lang='lat' dir='ltr'><strong>lacien-</strong></span> 
     </span>
     <span class='ocr_line' id='line_1_37' title="bbox 237 4143 1341 4237; baseline -0.004 -25"><span class='ocrx_word' id='word_1_283' title='bbox 237 4143 318 4214; x_wconf 85' lang='lat' dir='ltr'><strong>dum</strong></span> <span class='ocrx_word' id='word_1_284' title='bbox 353 4145 478 4232; x_wconf 90' lang='lat' dir='ltr'><strong>aliquid</strong></span> <span class='ocrx_word' id='word_1_285' title='bbox 508 4145 669 4214; x_wconf 88' lang='lat' dir='ltr'><strong>momenti</strong></span> <span class='ocrx_word' id='word_1_286' title='bbox 693 4145 857 4232; x_wconf 86' lang='lat' dir='ltr'><strong>habeant,</strong></span> <span class='ocrx_word' id='word_1_287' title='bbox 892 4169 994 4236; x_wconf 93' lang='lat' dir='ltr'><strong>quam</strong></span> <span class='ocrx_word' id='word_1_288' title='bbox 1019 4144 1213 4237; x_wconf 86' lang='lat' dir='ltr'><strong>plenissime</strong></span> <span class='ocrx_word' id='word_1_289' title='bbox 1240 4150 1341 4232; x_wconf 89' lang='lat' dir='ltr'><strong>atque</strong></span> 
     </span>
    </p>
   </div>
   <div class='ocr_carea' id='block_1_5' title="bbox 235 4245 1341 4445">
    <p class='ocr_par' dir='ltr' id='par_1_6' title="bbox 235 4245 1341 4445">
     <span class='ocr_line' id='line_1_38' title="bbox 236 4245 1341 4343; baseline -0.005 -26"><span class='ocrx_word' id='word_1_290' title='bbox 236 4246 482 4317; x_wconf 80' lang='lat' dir='ltr'><strong>evidentissime</strong></span> <span class='ocrx_word' id='word_1_291' title='bbox 517 4258 593 4317; x_wconf 86' lang='lat' dir='ltr'><strong>ante</strong></span> <span class='ocrx_word' id='word_1_292' title='bbox 627 4250 743 4318; x_wconf 90' lang='lat' dir='ltr'><strong>oculos</strong></span> <span class='ocrx_word' id='word_1_293' title='bbox 775 4259 953 4343; x_wconf 87' lang='lat' dir='ltr'><strong>ponantur.</strong></span> <span class='ocrx_word' id='word_1_294' title='bbox 1005 4248 1047 4316; x_wconf 91' lang='lat' dir='ltr'><strong>ld</strong></span> <span class='ocrx_word' id='word_1_295' title='bbox 1084 4269 1163 4317; x_wconf 82' lang='lat' dir='ltr'><strong>vero</strong></span> <span class='ocrx_word' id='word_1_296' title='bbox 1198 4245 1341 4313; x_wconf 89' lang='lat' dir='ltr'><strong>aWel-</strong></span> 
     </span>
     <span class='ocr_line' id='line_1_39' title="bbox 235 4343 1341 4445; baseline -0.003 -27"><span class='ocrx_word' id='word_1_297' title='bbox 235 4349 339 4421; x_wconf 88' lang='lat' dir='ltr'><strong>ckero</strong></span> <span class='ocrx_word' id='word_1_298' title='bbox 364 4360 540 4445; x_wconf 88' lang='lat' dir='ltr'><strong>tantopere</strong></span> <span class='ocrx_word' id='word_1_299' title='bbox 567 4353 759 4445; x_wconf 85' lang='lat' dir='ltr'><strong>neglectum</strong></span> <span class='ocrx_word' id='word_1_300' title='bbox 786 4361 853 4439; x_wconf 89' lang='lat' dir='ltr'><strong>est,</strong></span> <span class='ocrx_word' id='word_1_301' title='bbox 884 4362 922 4422; x_wconf 94' lang='lat' dir='ltr'><strong>ut</strong></span> <span class='ocrx_word' id='word_1_302' title='bbox 947 4343 1076 4442; x_wconf 83' lang='lat' dir='ltr'><strong>forma,</strong></span> <span class='ocrx_word' id='word_1_303' title='bbox 1109 4373 1178 4442; x_wconf 91' lang='lat' dir='ltr'><strong>qna</strong></span> <span class='ocrx_word' id='word_1_304' title='bbox 1202 4348 1272 4419; x_wconf 90' lang='lat' dir='ltr'><strong>hoo</strong></span> <span class='ocrx_word' id='word_1_305' title='bbox 1298 4348 1341 4416; x_wconf 84' lang='lat' dir='ltr'><strong>(le</strong></span> 
     </span>
    </p>
   </div>
   <div class='ocr_carea' id='block_1_6' title="bbox 0 0 1431 4920">
    <p class='ocr_par' dir='ltr' id='par_1_7' title="bbox 0 0 1431 4920">
     <span class='ocr_line' id='line_1_40' title="bbox 0 0 1431 4920; baseline 0 0"><span class='ocrx_word' id='word_1_306' title='bbox 0 0 1431 4920; x_wconf 95' lang='lat' dir='ltr'><strong> </strong></span> 
     </span>
    </p>
   </div>
  </div>
 </body>
</html>
