<?xml version="1.0" encoding="UTF-8"?>
<!DOCTYPE html PUBLIC "-//W3C//DTD XHTML 1.0 Transitional//EN"
    "http://www.w3.org/TR/xhtml1/DTD/xhtml1-transitional.dtd">
<html xmlns="http://www.w3.org/1999/xhtml" xml:lang="en" lang="en">
 <head>
  <title>
</title>
<meta http-equiv="Content-Type" content="text/html;charset=utf-8" />
  <meta name='ocr-system' content='tesseract 3.04.00' />
  <meta name='ocr-capabilities' content='ocr_page ocr_carea ocr_par ocr_line ocrx_word'/>
</head>
<body>
  <div class='ocr_page' id='page_1' title='image "./opuscula00hermgoog_0347.png"; bbox 0 0 2842 4920; ppageno 0'>
   <div class='ocr_carea' id='block_1_1' title="bbox 300 337 1403 425">
    <p class='ocr_par' dir='ltr' id='par_1_1' title="bbox 300 337 1403 425">
     <span class='ocr_line' id='line_1_1' title="bbox 300 337 1403 425; baseline 0.018 -26"><span class='ocrx_word' id='word_1_1' title='bbox 300 338 351 400; x_wconf 74' lang='lat' dir='ltr'>nn</span> <span class='ocrx_word' id='word_1_2' title='bbox 363 337 701 399; x_wconf 73' lang='lat' dir='ltr'>mscmentonfflvs</span> <span class='ocrx_word' id='word_1_3' title='bbox 715 338 944 414; x_wconf 77' lang='lat' dir='ltr'>vavsotn</span> <span class='ocrx_word' id='word_1_4' title='bbox 957 344 1133 415; x_wconf 77' lang='lat' dir='ltr'>cnlscts.</span> <span class='ocrx_word' id='word_1_5' title='bbox 1208 357 1274 425; x_wconf 75' lang='lat'>828</span> <span class='ocrx_word' id='word_1_6' title='bbox 1398 344 1403 351; x_wconf 46' lang='lat'>¹</span> 
     </span>
    </p>
   </div>
   <div class='ocr_carea' id='block_1_2' title="bbox 118 527 1346 1140">
    <p class='ocr_par' dir='ltr' id='par_1_2' title="bbox 118 527 1346 1140">
     <span class='ocr_line' id='line_1_2' title="bbox 162 527 1269 630; baseline -0.001 -29"><span class='ocrx_word' id='word_1_7' title='bbox 162 552 249 604; x_wconf 86' lang='lat' dir='ltr'>mus.</span> <span class='ocrx_word' id='word_1_8' title='bbox 302 528 464 615; x_wconf 81' lang='lat' dir='ltr'><strong>Accedit,</strong></span> <span class='ocrx_word' id='word_1_9' title='bbox 491 528 586 618; x_wconf 86' lang='lat' dir='ltr'>qnod</span> <span class='ocrx_word' id='word_1_10' title='bbox 606 527 798 622; x_wconf 72' lang='lat' dir='ltr'>diligentior</span> <span class='ocrx_word' id='word_1_11' title='bbox 817 530 960 624; x_wconf 76' lang='lat' dir='ltr'>elegiaci</span> <span class='ocrx_word' id='word_1_12' title='bbox 980 535 1163 630; x_wconf 74' lang='lat' dir='ltr'>fragmenti</span> <span class='ocrx_word' id='word_1_13' title='bbox 1185 567 1269 614; x_wconf 92' lang='lat' dir='ltr'>con-</span> 
     </span>
     <span class='ocr_line' id='line_1_3' title="bbox 118 632 1269 732; baseline 0.012 -29"><span class='ocrx_word' id='word_1_14' title='bbox 118 674 124 681; x_wconf 93' lang='lat'>·</span> <span class='ocrx_word' id='word_1_15' title='bbox 161 633 340 726; x_wconf 91' lang='lat' dir='ltr'>templatio</span> <span class='ocrx_word' id='word_1_16' title='bbox 365 656 408 701; x_wconf 87' lang='lat' dir='ltr'>eo</span> <span class='ocrx_word' id='word_1_17' title='bbox 435 632 546 718; x_wconf 89' lang='lat' dir='ltr'>ducit,</span> <span class='ocrx_word' id='word_1_18' title='bbox 582 641 620 699; x_wconf 88' lang='lat' dir='ltr'>nt</span> <span class='ocrx_word' id='word_1_19' title='bbox 638 642 739 724; x_wconf 82' lang='lat' dir='ltr'>pater</span> <span class='ocrx_word' id='word_1_20' title='bbox 761 635 874 725; x_wconf 77' lang='lat' dir='ltr'>potius</span> <span class='ocrx_word' id='word_1_21' title='bbox 896 637 982 706; x_wconf 90' lang='lat' dir='ltr'>illius</span> <span class='ocrx_word' id='word_1_22' title='bbox 1006 633 1169 732; x_wconf 87' lang='lat' dir='ltr'>bominis,</span> <span class='ocrx_word' id='word_1_23' title='bbox 1195 647 1215 718; x_wconf 93' lang='lat' dir='ltr'>i.</span> <span class='ocrx_word' id='word_1_24' title='bbox 1238 673 1269 720; x_wconf 88' lang='lat' dir='ltr'>e.</span> 
     </span>
     <span class='ocr_line' id='line_1_4' title="bbox 161 736 1346 828; baseline 0.013 -23"><span class='ocrx_word' id='word_1_25' title='bbox 161 739 291 828; x_wconf 79' lang='lat' dir='ltr'>Xystus</span> <span class='ocrx_word' id='word_1_26' title='bbox 318 737 410 828; x_wconf 84' lang='lat' dir='ltr'>ipse,</span> <span class='ocrx_word' id='word_1_27' title='bbox 453 736 516 804; x_wconf 90' lang='lat' dir='ltr'>sibi</span> <span class='ocrx_word' id='word_1_28' title='bbox 538 745 683 805; x_wconf 88' lang='lat' dir='ltr'>mortem</span> <span class='ocrx_word' id='word_1_29' title='bbox 703 738 903 807; x_wconf 79' lang='lat' dir='ltr'>conscivisse</span> <span class='ocrx_word' id='word_1_30' title='bbox 929 740 1117 813; x_wconf 45' lang='lat' dir='ltr'>videatnrs</span> <span class='ocrx_word' id='word_1_31' title='bbox 1151 748 1268 820; x_wconf 87' lang='lat' dir='ltr'>Potest</span> <span class='ocrx_word' id='word_1_32' title='bbox 1344 805 1346 809; x_wconf 16' lang='lat' dir='ltr'>a</span> 
     </span>
     <span class='ocr_line' id='line_1_5' title="bbox 161 838 1267 943; baseline 0.012 -34"><span class='ocrx_word' id='word_1_33' title='bbox 161 841 251 927; x_wconf 86' lang='lat' dir='ltr'>enim</span> <span class='ocrx_word' id='word_1_34' title='bbox 281 839 364 907; x_wconf 90' lang='lat' dir='ltr'>illud</span> <span class='ocrx_word' id='word_1_35' title='bbox 395 840 644 932; x_wconf 74' lang='lat' dir='ltr'>fragmentum,</span> <span class='ocrx_word' id='word_1_36' title='bbox 690 838 785 929; x_wconf 70' lang='lat' dir='ltr'>qnod</span> <span class='ocrx_word' id='word_1_37' title='bbox 812 851 906 910; x_wconf 88' lang='lat' dir='ltr'>certo</span> <span class='ocrx_word' id='word_1_38' title='bbox 939 865 1007 912; x_wconf 95' lang='lat' dir='ltr'>non</span> <span class='ocrx_word' id='word_1_39' title='bbox 1038 847 1102 917; x_wconf 82' lang='lat' dir='ltr'>init</span> <span class='ocrx_word' id='word_1_40' title='bbox 1133 852 1267 943; x_wconf 91' lang='lat' dir='ltr'>princi-</span> 
     </span>
     <span class='ocr_line' id='line_1_6' title="bbox 160 942 1265 1037; baseline 0.014 -27"><span class='ocrx_word' id='word_1_41' title='bbox 160 945 255 1036; x_wconf 92' lang='lat' dir='ltr'>pium</span> <span class='ocrx_word' id='word_1_42' title='bbox 281 942 551 1036; x_wconf 62' lang='lat' dir='ltr'>epigrammatis,</span> <span class='ocrx_word' id='word_1_43' title='bbox 583 943 653 1013; x_wconf 87' lang='lat' dir='ltr'>sine</span> <span class='ocrx_word' id='word_1_44' title='bbox 676 965 803 1037; x_wconf 83' lang='lat' dir='ltr'>magna</span> <span class='ocrx_word' id='word_1_45' title='bbox 825 944 968 1014; x_wconf 79' lang='lat' dir='ltr'>audacia</span> <span class='ocrx_word' id='word_1_46' title='bbox 990 947 1061 1018; x_wconf 91' lang='lat' dir='ltr'>hoc</span> <span class='ocrx_word' id='word_1_47' title='bbox 1081 953 1185 1022; x_wconf 92' lang='lat' dir='ltr'>modo</span> <span class='ocrx_word' id='word_1_48' title='bbox 1211 958 1265 1025; x_wconf 94' lang='lat' dir='ltr'>in-</span> 
     </span>
     <span class='ocr_line' id='line_1_7' title="bbox 160 1046 305 1140; baseline 0.007 -26"><span class='ocrx_word' id='word_1_49' title='bbox 160 1046 305 1140; x_wconf 84' lang='lat' dir='ltr'>tegruri:</span> 
     </span>
    </p>
   </div>
   <div class='ocr_carea' id='block_1_3' title="bbox 162 1175 1262 1395">
    <p class='ocr_par' dir='ltr' id='par_1_3' title="bbox 162 1175 1262 1395">
     <span class='ocr_line' id='line_1_8' title="bbox 162 1175 1230 1284; baseline 0.004 -23"><span class='ocrx_word' id='word_1_50' title='bbox 162 1260 167 1269; x_wconf 85' lang='grc'><strong>,</strong></span> <span class='ocrx_word' id='word_1_51' title='bbox 264 1179 456 1276; x_wconf 63' lang='lat' dir='ltr'>[Edesco]</span> <span class='ocrx_word' id='word_1_52' title='bbox 483 1175 619 1263; x_wconf 77' lang='grc' dir='ltr'><strong><em>νλεννδς</em></strong></span> <span class='ocrx_word' id='word_1_53' title='bbox 637 1188 721 1263; x_wconf 81' lang='grc' dir='ltr'><strong><em>παῖς</em></strong></span> <span class='ocrx_word' id='word_1_54' title='bbox 746 1176 901 1279; x_wconf 66' lang='lat' dir='ltr'>[cdpfflp</span> <span class='ocrx_word' id='word_1_55' title='bbox 920 1179 994 1259; x_wconf 77' lang='lat' dir='ltr'>siud</span> <span class='ocrx_word' id='word_1_56' title='bbox 1018 1190 1135 1284; x_wconf 75' lang='grc' dir='ltr'><strong><em>στενῷ</em></strong></span> <span class='ocrx_word' id='word_1_57' title='bbox 1159 1191 1230 1283; x_wconf 73' lang='lat' dir='ltr'>oio,</span> 
     </span>
     <span class='ocr_line' id='line_1_9' title="bbox 211 1279 1262 1395; baseline 0.006 -35"><span class='ocrx_word' id='word_1_58' title='bbox 211 1285 251 1368; x_wconf 81' lang='grc' dir='ltr'>ὃς</span> <span class='ocrx_word' id='word_1_59' title='bbox 267 1281 380 1380; x_wconf 81' lang='grc' dir='ltr'><strong><em>μόνος</em></strong></span> <span class='ocrx_word' id='word_1_60' title='bbox 399 1279 598 1380; x_wconf 73' lang='grc' dir='ltr'><strong><em>αὐτομάτῳ</em></strong></span> <span class='ocrx_word' id='word_1_61' title='bbox 619 1279 798 1381; x_wconf 60' lang='lat' dir='ltr'>[deroldo]</span> <span class='ocrx_word' id='word_1_62' title='bbox 824 1280 1062 1384; x_wconf 74' lang='grc' dir='ltr'><strong><em>θνήοκ[οντος</em></strong></span> <span class='ocrx_word' id='word_1_63' title='bbox 1085 1293 1262 1395; x_wconf 61' lang='grc' dir='ltr'>ἐλείφθη]</span> 
     </span>
    </p>
   </div>
   <div class='ocr_carea' id='block_1_4' title="bbox 88 1437 1414 1642">
    <p class='ocr_par' dir='ltr' id='par_1_4' title="bbox 88 1437 1414 1642">
     <span class='ocr_line' id='line_1_10' title="bbox 88 1437 1414 1533; baseline 0.009 -26"><span class='ocrx_word' id='word_1_64' title='bbox 88 1480 93 1489; x_wconf 89' lang='lat'><em>·</em></span> <span class='ocrx_word' id='word_1_65' title='bbox 159 1441 199 1509; x_wconf 93' lang='lat' dir='ltr'>ln</span> <span class='ocrx_word' id='word_1_66' title='bbox 218 1439 364 1508; x_wconf 87' lang='lat' dir='ltr'>iambico</span> <span class='ocrx_word' id='word_1_67' title='bbox 386 1439 631 1532; x_wconf 86' lang='lat' dir='ltr'>epigrammate</span> <span class='ocrx_word' id='word_1_68' title='bbox 651 1437 850 1506; x_wconf 87' lang='lat' dir='ltr'>Welckerus</span> <span class='ocrx_word' id='word_1_69' title='bbox 874 1461 906 1507; x_wconf 84' lang='lat' dir='ltr'>v.</span> <span class='ocrx_word' id='word_1_70' title='bbox 926 1439 961 1508; x_wconf 78' lang='lat'>3.</span> <span class='ocrx_word' id='word_1_71' title='bbox 998 1444 1096 1516; x_wconf 85' lang='grc' dir='ltr'><strong><em>δυεῖν</em></strong></span> <span class='ocrx_word' id='word_1_72' title='bbox 1122 1451 1263 1518; x_wconf 85' lang='lat' dir='ltr'>mutavit</span> <span class='ocrx_word' id='word_1_73' title='bbox 1408 1527 1414 1533; x_wconf 52' lang='grc'><strong>,</strong></span> 
     </span>
     <span class='ocr_line' id='line_1_11' title="bbox 158 1535 1399 1642; baseline 0.01 -30"><span class='ocrx_word' id='word_1_74' title='bbox 158 1545 194 1612; x_wconf 93' lang='lat' dir='ltr'>in</span> <span class='ocrx_word' id='word_1_75' title='bbox 216 1535 306 1628; x_wconf 75' lang='lat' dir='ltr'>oio,</span> <span class='ocrx_word' id='word_1_76' title='bbox 346 1542 550 1611; x_wconf 88' lang='lat' dir='ltr'>constantiae</span> <span class='ocrx_word' id='word_1_77' title='bbox 573 1563 690 1610; x_wconf 81' lang='lat' dir='ltr'>caussa</span> <span class='ocrx_word' id='word_1_78' title='bbox 711 1542 759 1609; x_wconf 87' lang='lat' dir='ltr'>sic</span> <span class='ocrx_word' id='word_1_79' title='bbox 781 1541 882 1610; x_wconf 89' lang='lat' dir='ltr'>ctiam</span> <span class='ocrx_word' id='word_1_80' title='bbox 907 1564 939 1610; x_wconf 84' lang='lat' dir='ltr'>v.</span> <span class='ocrx_word' id='word_1_81' title='bbox 963 1541 1000 1617; x_wconf 74' lang='lat'>7.</span> <span class='ocrx_word' id='word_1_82' title='bbox 1037 1547 1138 1616; x_wconf 85' lang='lat' dir='ltr'>scribi</span> <span class='ocrx_word' id='word_1_83' title='bbox 1157 1573 1261 1642; x_wconf 87' lang='lat' dir='ltr'>posse</span> <span class='ocrx_word' id='word_1_84' title='bbox 1396 1614 1399 1621; x_wconf 94' lang='lat'>.</span> 
     </span>
    </p>
   </div>
   <div class='ocr_carea' id='block_1_5' title="bbox 135 1638 1287 4090">
    <p class='ocr_par' dir='ltr' id='par_1_5' title="bbox 135 1638 1287 4090">
     <span class='ocr_line' id='line_1_12' title="bbox 159 1638 1259 1738; baseline 0.008 -24"><span class='ocrx_word' id='word_1_85' title='bbox 159 1669 308 1715; x_wconf 89' lang='lat' dir='ltr'>censens.</span> <span class='ocrx_word' id='word_1_86' title='bbox 359 1645 408 1715; x_wconf 81' lang='lat' dir='ltr'>At</span> <span class='ocrx_word' id='word_1_87' title='bbox 426 1645 561 1738; x_wconf 90' lang='lat' dir='ltr'>epicum</span> <span class='ocrx_word' id='word_1_88' title='bbox 584 1638 656 1718; x_wconf 78' lang='grc' dir='ltr'>δύο</span> <span class='ocrx_word' id='word_1_89' title='bbox 675 1666 745 1711; x_wconf 95' lang='lat' dir='ltr'>non</span> <span class='ocrx_word' id='word_1_90' title='bbox 763 1653 835 1712; x_wconf 86' lang='lat' dir='ltr'>erat</span> <span class='ocrx_word' id='word_1_91' title='bbox 857 1645 976 1714; x_wconf 81' lang='lat' dir='ltr'>iambis</span> <span class='ocrx_word' id='word_1_92' title='bbox 999 1647 1259 1729; x_wconf 85' lang='lat' dir='ltr'>obtrudendum.</span> 
     </span>
     <span class='ocr_line' id='line_1_13' title="bbox 159 1738 1260 1846; baseline 0.003 -27"><span class='ocrx_word' id='word_1_93' title='bbox 159 1748 360 1819; x_wconf 82' lang='lat' dir='ltr'>Credibilius</span> <span class='ocrx_word' id='word_1_94' title='bbox 378 1756 439 1833; x_wconf 82' lang='lat' dir='ltr'>est,</span> <span class='ocrx_word' id='word_1_95' title='bbox 459 1747 627 1841; x_wconf 87' lang='lat' dir='ltr'>lapicidae</span> <span class='ocrx_word' id='word_1_96' title='bbox 643 1769 758 1816; x_wconf 88' lang='lat' dir='ltr'>errore</span> <span class='ocrx_word' id='word_1_97' title='bbox 766 1738 831 1820; x_wconf 76' lang='grc' dir='ltr'>δύο</span> <span class='ocrx_word' id='word_1_98' title='bbox 846 1756 881 1815; x_wconf 90' lang='lat' dir='ltr'>et</span> <span class='ocrx_word' id='word_1_99' title='bbox 895 1750 993 1822; x_wconf 85' lang='grc' dir='ltr'><strong><em>δυεῖν</em></strong></span> <span class='ocrx_word' id='word_1_100' title='bbox 1008 1749 1102 1821; x_wconf 89' lang='lat' dir='ltr'>locos</span> <span class='ocrx_word' id='word_1_101' title='bbox 1119 1777 1260 1846; x_wconf 88' lang='lat' dir='ltr'>permu-</span> 
     </span>
     <span class='ocr_line' id='line_1_14' title="bbox 156 1851 1259 1953; baseline 0.003 -31"><span class='ocrx_word' id='word_1_102' title='bbox 156 1861 265 1943; x_wconf 85' lang='lat' dir='ltr'>tasse,</span> <span class='ocrx_word' id='word_1_103' title='bbox 290 1852 449 1947; x_wconf 80' lang='lat' dir='ltr'>qnoniam</span> <span class='ocrx_word' id='word_1_104' title='bbox 469 1853 504 1921; x_wconf 95' lang='lat' dir='ltr'>in</span> <span class='ocrx_word' id='word_1_105' title='bbox 515 1852 615 1934; x_wconf 81' lang='lat' dir='ltr'>tertio</span> <span class='ocrx_word' id='word_1_106' title='bbox 628 1873 726 1920; x_wconf 83' lang='lat' dir='ltr'>versu</span> <span class='ocrx_word' id='word_1_107' title='bbox 742 1851 951 1938; x_wconf 83' lang='lat' dir='ltr'>accusativo,</span> <span class='ocrx_word' id='word_1_108' title='bbox 976 1852 1010 1920; x_wconf 90' lang='lat' dir='ltr'>in</span> <span class='ocrx_word' id='word_1_109' title='bbox 1028 1854 1173 1948; x_wconf 87' lang='lat' dir='ltr'>septimo</span> <span class='ocrx_word' id='word_1_110' title='bbox 1188 1884 1259 1953; x_wconf 84' lang='lat' dir='ltr'>ge-</span> 
     </span>
     <span class='ocr_line' id='line_1_15' title="bbox 156 1952 1258 2050; baseline -0.002 -26"><span class='ocrx_word' id='word_1_111' title='bbox 156 1957 258 2025; x_wconf 84' lang='lat' dir='ltr'>nitivo</span> <span class='ocrx_word' id='word_1_112' title='bbox 275 1977 363 2047; x_wconf 90' lang='lat' dir='ltr'>opus</span> <span class='ocrx_word' id='word_1_113' title='bbox 382 1964 441 2023; x_wconf 87' lang='lat' dir='ltr'>est</span> <span class='ocrx_word' id='word_1_114' title='bbox 493 1956 603 2023; x_wconf 89' lang='lat' dir='ltr'>Recte</span> <span class='ocrx_word' id='word_1_115' title='bbox 623 1977 705 2023; x_wconf 84' lang='lat' dir='ltr'>vero</span> <span class='ocrx_word' id='word_1_116' title='bbox 720 1953 921 2023; x_wconf 87' lang='lat' dir='ltr'>Welckcrns</span> <span class='ocrx_word' id='word_1_117' title='bbox 934 1976 965 2027; x_wconf 85' lang='lat' dir='ltr'>v.</span> <span class='ocrx_word' id='word_1_118' title='bbox 982 1952 1018 2024; x_wconf 81' lang='lat'>4.</span> <span class='ocrx_word' id='word_1_119' title='bbox 1044 1956 1196 2050; x_wconf 62' lang='grc' dir='ltr'><strong><em>ροναῖκᾶ</em></strong></span> <span class='ocrx_word' id='word_1_120' title='bbox 1217 1991 1258 2037; x_wconf 63' lang='grc' dir='ltr'><strong><em>η</em></strong></span> 
     </span>
     <span class='ocr_line' id='line_1_16' title="bbox 157 2050 1256 2156; baseline 0.006 -28"><span class='ocrx_word' id='word_1_121' title='bbox 157 2069 191 2128; x_wconf 85' lang='lat' dir='ltr'>et</span> <span class='ocrx_word' id='word_1_122' title='bbox 212 2082 244 2128; x_wconf 84' lang='lat' dir='ltr'>v.</span> <span class='ocrx_word' id='word_1_123' title='bbox 269 2053 305 2128; x_wconf 81' lang='lat'>5.</span> <span class='ocrx_word' id='word_1_124' title='bbox 328 2057 352 2154; x_wconf 78' lang='grc' dir='ltr'><em>ἢ</em></span> <span class='ocrx_word' id='word_1_125' title='bbox 373 2057 586 2154; x_wconf 75' lang='grc' dir='ltr'><strong><em>φιλανδρίας</em></strong></span> <span class='ocrx_word' id='word_1_126' title='bbox 600 2052 767 2154; x_wconf 73' lang='grc' dir='ltr'><strong><em>αρχαῑον</em></strong></span> <span class='ocrx_word' id='word_1_127' title='bbox 790 2050 961 2153; x_wconf 77' lang='grc' dir='ltr'><strong><em>ἐζήλωσεν</em></strong></span> <span class='ocrx_word' id='word_1_128' title='bbox 989 2052 1082 2156; x_wconf 77' lang='grc' dir='ltr'><strong><em>ἦθος</em></strong></span> <span class='ocrx_word' id='word_1_129' title='bbox 1105 2064 1256 2140; x_wconf 88' lang='lat' dir='ltr'>restituit.</span> 
     </span>
     <span class='ocr_line' id='line_1_17' title="bbox 155 2157 1257 2245; baseline 0.003 -14"><span class='ocrx_word' id='word_1_130' title='bbox 155 2163 235 2233; x_wconf 89' lang='lat' dir='ltr'>At.</span> <span class='ocrx_word' id='word_1_131' title='bbox 263 2217 272 2234; x_wconf 91' lang='lat'><strong>.</strong></span> <span class='ocrx_word' id='word_1_132' title='bbox 300 2212 309 2228; x_wconf 91' lang='lat'><strong>.</strong></span> <span class='ocrx_word' id='word_1_133' title='bbox 336 2160 512 2234; x_wconf 82' lang='lat' dir='ltr'><em>BAIYC</em></span> <span class='ocrx_word' id='word_1_134' title='bbox 532 2184 600 2230; x_wconf 92' lang='lat' dir='ltr'>non</span> <span class='ocrx_word' id='word_1_135' title='bbox 625 2159 727 2228; x_wconf 84' lang='lat' dir='ltr'>luisse</span> <span class='ocrx_word' id='word_1_136' title='bbox 753 2182 832 2228; x_wconf 89' lang='lat' dir='ltr'>cum</span> <span class='ocrx_word' id='word_1_137' title='bbox 862 2157 1012 2245; x_wconf 77' lang='grc' dir='ltr'><strong><em>αἰσίμοο</em></strong></span> <span class='ocrx_word' id='word_1_138' title='bbox 1048 2176 1257 2238; x_wconf 87' lang='lat' dir='ltr'>commntan-</span> 
     </span>
     <span class='ocr_line' id='line_1_18' title="bbox 156 2260 1258 2358; baseline 0.005 -24"><span class='ocrx_word' id='word_1_139' title='bbox 156 2266 256 2350; x_wconf 92' lang='lat' dir='ltr'>dnm‚</span> <span class='ocrx_word' id='word_1_140' title='bbox 288 2264 364 2355; x_wconf 88' lang='lat' dir='ltr'>ipse</span> <span class='ocrx_word' id='word_1_141' title='bbox 386 2263 571 2332; x_wconf 87' lang='lat' dir='ltr'>litterarum</span> <span class='ocrx_word' id='word_1_142' title='bbox 598 2264 777 2355; x_wconf 87' lang='lat' dir='ltr'>adspectus</span> <span class='ocrx_word' id='word_1_143' title='bbox 800 2261 912 2332; x_wconf 86' lang='lat' dir='ltr'>docet.</span> <span class='ocrx_word' id='word_1_144' title='bbox 970 2260 1160 2358; x_wconf 78' lang='lat' dir='ltr'>Septinmm</span> <span class='ocrx_word' id='word_1_145' title='bbox 1179 2295 1258 2340; x_wconf 86' lang='lat' dir='ltr'>ver-</span> 
     </span>
     <span class='ocr_line' id='line_1_19' title="bbox 154 2363 1256 2461; baseline 0.003 -22"><span class='ocrx_word' id='word_1_146' title='bbox 154 2393 229 2439; x_wconf 89' lang='lat' dir='ltr'>sum</span> <span class='ocrx_word' id='word_1_147' title='bbox 249 2368 297 2435; x_wconf 87' lang='lat' dir='ltr'>ita</span> <span class='ocrx_word' id='word_1_148' title='bbox 318 2366 450 2458; x_wconf 85' lang='lat' dir='ltr'>explet:</span> <span class='ocrx_word' id='word_1_149' title='bbox 483 2367 640 2459; x_wconf 80' lang='grc' dir='ltr'><strong><em>Δαίμαν</em></strong></span> <span class='ocrx_word' id='word_1_150' title='bbox 672 2363 825 2456; x_wconf 64' lang='lat' dir='ltr'>(inanxos</span> <span class='ocrx_word' id='word_1_151' title='bbox 860 2373 988 2461; x_wconf 82' lang='grc' dir='ltr'><strong><em>ἵμερον</em></strong></span> <span class='ocrx_word' id='word_1_152' title='bbox 1013 2368 1152 2443; x_wconf 80' lang='grc' dir='ltr'><strong><em>παίδων</em></strong></span> <span class='ocrx_word' id='word_1_153' title='bbox 1179 2369 1256 2450; x_wconf 75' lang='grc' dir='ltr'><strong><em>δύο,</em></strong></span> 
     </span>
     <span class='ocr_line' id='line_1_20' title="bbox 154 2469 1257 2567; baseline -0.005 -24"><span class='ocrx_word' id='word_1_154' title='bbox 154 2473 299 2542; x_wconf 91' lang='lat' dir='ltr'>Sensum</span> <span class='ocrx_word' id='word_1_155' title='bbox 330 2493 404 2539; x_wconf 85' lang='lat' dir='ltr'>esse</span> <span class='ocrx_word' id='word_1_156' title='bbox 431 2471 519 2540; x_wconf 81' lang='lat' dir='ltr'>vult:</span> <span class='ocrx_word' id='word_1_157' title='bbox 550 2469 708 2561; x_wconf 82' lang='lat' dir='ltr'>„Mors,</span> <span class='ocrx_word' id='word_1_158' title='bbox 738 2490 785 2536; x_wconf 83' lang='lat' dir='ltr'>oe</span> <span class='ocrx_word' id='word_1_159' title='bbox 804 2476 931 2559; x_wconf 77' lang='lat' dir='ltr'>expete</span> <span class='ocrx_word' id='word_1_160' title='bbox 958 2469 1146 2560; x_wconf 80' lang='lat' dir='ltr'>geminam</span> <span class='ocrx_word' id='word_1_161' title='bbox 1160 2497 1257 2567; x_wconf 79' lang='lat' dir='ltr'>pro-</span> 
     </span>
     <span class='ocr_line' id='line_1_21' title="bbox 155 2569 1256 2666; baseline -0.007 -21"><span class='ocrx_word' id='word_1_162' title='bbox 155 2578 225 2646; x_wconf 82' lang='lat' dir='ltr'>lem</span> <span class='ocrx_word' id='word_1_163' title='bbox 245 2577 406 2644; x_wconf 85' lang='lat' dir='ltr'>meam.“</span> <span class='ocrx_word' id='word_1_164' title='bbox 457 2573 530 2642; x_wconf 84' lang='lat' dir='ltr'>Sed</span> <span class='ocrx_word' id='word_1_165' title='bbox 549 2571 700 2656; x_wconf 83' lang='lat' dir='ltr'>vixerit,</span> <span class='ocrx_word' id='word_1_166' title='bbox 726 2571 783 2660; x_wconf 93' lang='lat' dir='ltr'>qni</span> <span class='ocrx_word' id='word_1_167' title='bbox 802 2569 890 2637; x_wconf 84' lang='lat' dir='ltr'>baec</span> <span class='ocrx_word' id='word_1_168' title='bbox 911 2571 1033 2655; x_wconf 87' lang='lat' dir='ltr'>verba,</span> <span class='ocrx_word' id='word_1_169' title='bbox 1061 2573 1200 2666; x_wconf 62' lang='lat' dir='ltr'>baim</span> <span class='ocrx_word' id='word_1_170' title='bbox 1222 2594 1256 2650; x_wconf 67' lang='lat' dir='ltr'>et</span> 
     </span>
     <span class='ocr_line' id='line_1_22' title="bbox 154 2672 1285 2774; baseline -0.007 -22"><span class='ocrx_word' id='word_1_171' title='bbox 154 2687 278 2774; x_wconf 82' lang='grc' dir='ltr'><strong><em>ἵμερος</em></strong></span> <span class='ocrx_word' id='word_1_172' title='bbox 283 2731 298 2768; x_wconf 83' lang='grc'>,</span> <span class='ocrx_word' id='word_1_173' title='bbox 331 2686 412 2769; x_wconf 82' lang='lat' dir='ltr'>apte</span> <span class='ocrx_word' id='word_1_174' title='bbox 443 2677 578 2746; x_wconf 89' lang='lat' dir='ltr'>delecta</span> <span class='ocrx_word' id='word_1_175' title='bbox 605 2697 677 2745; x_wconf 88' lang='lat' dir='ltr'>osse</span> <span class='ocrx_word' id='word_1_176' title='bbox 714 2672 888 2749; x_wconf 80' lang='lat' dir='ltr'>existimet</span> <span class='ocrx_word' id='word_1_177' title='bbox 926 2725 929 2729; x_wconf 71' lang='lat'><strong>.</strong></span> <span class='ocrx_word' id='word_1_178' title='bbox 956 2672 1056 2742; x_wconf 87' lang='lat' dir='ltr'>Peius</span> <span class='ocrx_word' id='word_1_179' title='bbox 1086 2698 1169 2746; x_wconf 87' lang='lat' dir='ltr'>vero</span> <span class='ocrx_word' id='word_1_180' title='bbox 1197 2704 1285 2750; x_wconf 39' lang='lat' dir='ltr'>ras</span> 
     </span>
     <span class='ocr_line' id='line_1_23' title="bbox 153 2773 1255 2874; baseline -0.008 -23"><span class='ocrx_word' id='word_1_181' title='bbox 153 2782 235 2851; x_wconf 91' lang='lat' dir='ltr'>tioni</span> <span class='ocrx_word' id='word_1_182' title='bbox 258 2780 499 2874; x_wconf 83' lang='lat' dir='ltr'>grammaticae</span> <span class='ocrx_word' id='word_1_183' title='bbox 522 2790 574 2850; x_wconf 88' lang='lat' dir='ltr'>est</span> <span class='ocrx_word' id='word_1_184' title='bbox 603 2777 800 2848; x_wconf 82' lang='lat' dir='ltr'>consultum.</span> <span class='ocrx_word' id='word_1_185' title='bbox 859 2773 1134 2869; x_wconf 77' lang='lat' dir='ltr'>„Imperativns</span> <span class='ocrx_word' id='word_1_186' title='bbox 1160 2781 1255 2858; x_wconf 77' lang='lat' dir='ltr'>dos-</span> 
     </span>
     <span class='ocr_line' id='line_1_24' title="bbox 155 2872 1253 2979; baseline 0.002 -26"><span class='ocrx_word' id='word_1_187' title='bbox 155 2897 284 2977; x_wconf 77' lang='grc' dir='ltr'><strong><em>σχες,“</em></strong></span> <span class='ocrx_word' id='word_1_188' title='bbox 307 2884 429 2974; x_wconf 83' lang='lat' dir='ltr'>iuquit,</span> <span class='ocrx_word' id='word_1_189' title='bbox 455 2906 553 2978; x_wconf 82' lang='lat' dir='ltr'>„per</span> <span class='ocrx_word' id='word_1_190' title='bbox 568 2883 648 2974; x_wconf 77' lang='grc' dir='ltr'><strong><em>σχὲς</em></strong></span> <span class='ocrx_word' id='word_1_191' title='bbox 670 2890 707 2950; x_wconf 86' lang='lat' dir='ltr'>et</span> <span class='ocrx_word' id='word_1_192' title='bbox 721 2872 902 2976; x_wconf 73' lang='grc' dir='ltr'><strong><em>παράσχες</em></strong></span> <span class='ocrx_word' id='word_1_193' title='bbox 917 2878 1072 2969; x_wconf 75' lang='lat' dir='ltr'>(Restm.</span> <span class='ocrx_word' id='word_1_194' title='bbox 1088 2882 1143 2953; x_wconf 89' lang='lat'>11.</span> <span class='ocrx_word' id='word_1_195' title='bbox 1162 2884 1253 2979; x_wconf 81' lang='lat'>141)</span> 
     </span>
     <span class='ocr_line' id='line_1_25' title="bbox 153 2983 1252 3080; baseline 0 -22"><span class='ocrx_word' id='word_1_196' title='bbox 153 2988 311 3058; x_wconf 78' lang='lat' dir='ltr'>munitas</span> <span class='ocrx_word' id='word_1_197' title='bbox 341 2992 435 3057; x_wconf 84' lang='lat' dir='ltr'>est.“</span> <span class='ocrx_word' id='word_1_198' title='bbox 485 2985 706 3080; x_wconf 81' lang='lat' dir='ltr'>Imperativus</span> <span class='ocrx_word' id='word_1_199' title='bbox 729 3005 807 3051; x_wconf 91' lang='lat' dir='ltr'>cnm</span> <span class='ocrx_word' id='word_1_200' title='bbox 831 2983 1038 3074; x_wconf 83' lang='lat' dir='ltr'>augmento?</span> <span class='ocrx_word' id='word_1_201' title='bbox 1065 3023 1120 3039; x_wconf 89' lang='lat'><em>-</em></span> <span class='ocrx_word' id='word_1_202' title='bbox 1159 2989 1199 3059; x_wconf 88' lang='lat' dir='ltr'>V.</span> <span class='ocrx_word' id='word_1_203' title='bbox 1217 2991 1252 3060; x_wconf 79' lang='lat'>8.</span> 
     </span>
     <span class='ocr_line' id='line_1_26' title="bbox 152 3081 1252 3185; baseline -0.008 -24"><span class='ocrx_word' id='word_1_204' title='bbox 152 3114 274 3185; x_wconf 87' lang='lat' dir='ltr'>parum</span> <span class='ocrx_word' id='word_1_205' title='bbox 289 3091 511 3184; x_wconf 80' lang='lat' dir='ltr'>probabiliter</span> <span class='ocrx_word' id='word_1_206' title='bbox 532 3088 674 3159; x_wconf 88' lang='lat' dir='ltr'>coniecit</span> <span class='ocrx_word' id='word_1_207' title='bbox 695 3081 872 3170; x_wconf 75' lang='grc' dir='ltr'><strong><em>ταθλίοα,</em></strong></span> <span class='ocrx_word' id='word_1_208' title='bbox 898 3085 961 3153; x_wconf 86' lang='lat' dir='ltr'>sed</span> <span class='ocrx_word' id='word_1_209' title='bbox 973 3095 1066 3156; x_wconf 88' lang='lat' dir='ltr'>recte</span> <span class='ocrx_word' id='word_1_210' title='bbox 1079 3111 1112 3162; x_wconf 84' lang='lat' dir='ltr'>v.</span> <span class='ocrx_word' id='word_1_211' title='bbox 1131 3089 1175 3160; x_wconf 74' lang='lat' dir='ltr'>a·</span> <span class='ocrx_word' id='word_1_212' title='bbox 1186 3093 1252 3184; x_wconf 75' lang='grc' dir='ltr'>φί.</span> 
     </span>
     <span class='ocr_line' id='line_1_27' title="bbox 152 3185 1253 3287; baseline -0.004 -19"><span class='ocrx_word' id='word_1_213' title='bbox 152 3200 221 3268; x_wconf 83' lang='grc' dir='ltr'><strong><em>λον.</em></strong></span> <span class='ocrx_word' id='word_1_214' title='bbox 256 3196 298 3262; x_wconf 83' lang='lat' dir='ltr'>V.</span> <span class='ocrx_word' id='word_1_215' title='bbox 324 3193 385 3268; x_wconf 85' lang='lat' dir='ltr'>lo.</span> <span class='ocrx_word' id='word_1_216' title='bbox 419 3194 478 3264; x_wconf 89' lang='lat' dir='ltr'>ubi</span> <span class='ocrx_word' id='word_1_217' title='bbox 505 3194 694 3287; x_wconf 83' lang='lat' dir='ltr'>optativum</span> <span class='ocrx_word' id='word_1_218' title='bbox 716 3196 908 3280; x_wconf 77' lang='lat' dir='ltr'>exspectes,</span> <span class='ocrx_word' id='word_1_219' title='bbox 938 3185 1096 3270; x_wconf 74' lang='grc' dir='ltr'><strong><em>ἄξουσιν.</em></strong></span> <span class='ocrx_word' id='word_1_220' title='bbox 1148 3191 1253 3264; x_wconf 89' lang='lat' dir='ltr'>Facili</span> 
     </span>
     <span class='ocr_line' id='line_1_28' title="bbox 152 3291 1252 3392; baseline -0.001 -24"><span class='ocrx_word' id='word_1_221' title='bbox 152 3322 259 3392; x_wconf 88' lang='lat' dir='ltr'>opera</span> <span class='ocrx_word' id='word_1_222' title='bbox 287 3299 416 3367; x_wconf 89' lang='lat' dir='ltr'>restitui</span> <span class='ocrx_word' id='word_1_223' title='bbox 442 3296 511 3366; x_wconf 91' lang='lat' dir='ltr'>hoc</span> <span class='ocrx_word' id='word_1_224' title='bbox 540 3299 750 3389; x_wconf 87' lang='lat' dir='ltr'>epigramma</span> <span class='ocrx_word' id='word_1_225' title='bbox 774 3300 905 3384; x_wconf 84' lang='lat' dir='ltr'>potest,</span> <span class='ocrx_word' id='word_1_226' title='bbox 940 3291 1064 3381; x_wconf 90' lang='lat' dir='ltr'>inquo</span> <span class='ocrx_word' id='word_1_227' title='bbox 1088 3294 1171 3365; x_wconf 91' lang='lat' dir='ltr'>nibil</span> <span class='ocrx_word' id='word_1_228' title='bbox 1192 3298 1252 3367; x_wconf 88' lang='lat' dir='ltr'>nisi</span> 
     </span>
     <span class='ocr_line' id='line_1_29' title="bbox 152 3392 1287 3501; baseline 0 -31"><span class='ocrx_word' id='word_1_229' title='bbox 152 3427 183 3472; x_wconf 87' lang='lat' dir='ltr'>v.</span> <span class='ocrx_word' id='word_1_230' title='bbox 205 3401 240 3470; x_wconf 84' lang='lat'>8.</span> <span class='ocrx_word' id='word_1_231' title='bbox 270 3400 339 3469; x_wconf 85' lang='grc' dir='ltr'>ΤΑ</span> <span class='ocrx_word' id='word_1_232' title='bbox 364 3451 373 3468; x_wconf 95' lang='grc'><strong>.</strong></span> <span class='ocrx_word' id='word_1_233' title='bbox 401 3457 410 3474; x_wconf 95' lang='grc'><strong>.</strong></span> <span class='ocrx_word' id='word_1_234' title='bbox 437 3399 543 3472; x_wconf 83' lang='lat' dir='ltr'>‚OC</span> <span class='ocrx_word' id='word_1_235' title='bbox 571 3400 711 3501; x_wconf 79' lang='lat' dir='ltr'>dubium</span> <span class='ocrx_word' id='word_1_236' title='bbox 744 3403 865 3464; x_wconf 85' lang='lat' dir='ltr'>manet.</span> <span class='ocrx_word' id='word_1_237' title='bbox 928 3392 1000 3463; x_wconf 87' lang='lat' dir='ltr'>Sed</span> <span class='ocrx_word' id='word_1_238' title='bbox 1030 3397 1163 3468; x_wconf 79' lang='lat' dir='ltr'>videtur</span> <span class='ocrx_word' id='word_1_239' title='bbox 1187 3425 1251 3470; x_wconf 94' lang='lat' dir='ltr'>no-</span> <span class='ocrx_word' id='word_1_240' title='bbox 1283 3424 1287 3431; x_wconf 84' lang='grc'>’</span> 
     </span>
     <span class='ocr_line' id='line_1_30' title="bbox 151 3497 1251 3597; baseline 0.001 -24"><span class='ocrx_word' id='word_1_241' title='bbox 151 3529 228 3574; x_wconf 88' lang='lat' dir='ltr'>men</span> <span class='ocrx_word' id='word_1_242' title='bbox 241 3504 333 3572; x_wconf 89' lang='lat' dir='ltr'>urbis</span> <span class='ocrx_word' id='word_1_243' title='bbox 346 3505 461 3573; x_wconf 83' lang='lat' dir='ltr'>latere.</span> <span class='ocrx_word' id='word_1_244' title='bbox 500 3505 654 3596; x_wconf 86' lang='lat' dir='ltr'>Reperta</span> <span class='ocrx_word' id='word_1_245' title='bbox 668 3510 719 3570; x_wconf 89' lang='lat' dir='ltr'>est</span> <span class='ocrx_word' id='word_1_246' title='bbox 733 3497 905 3597; x_wconf 82' lang='lat' dir='ltr'>inscriptio</span> <span class='ocrx_word' id='word_1_247' title='bbox 921 3497 1094 3590; x_wconf 78' lang='lat' dir='ltr'>cyparissi</span> <span class='ocrx_word' id='word_1_248' title='bbox 1107 3503 1141 3571; x_wconf 92' lang='lat' dir='ltr'>in</span> <span class='ocrx_word' id='word_1_249' title='bbox 1153 3501 1251 3574; x_wconf 84' lang='lat' dir='ltr'>Mes-</span> 
     </span>
     <span class='ocr_line' id='line_1_31' title="bbox 135 3600 1250 3698; baseline 0.004 -26"><span class='ocrx_word' id='word_1_250' title='bbox 135 3609 259 3678; x_wconf 76' lang='lat' dir='ltr'>senius</span> <span class='ocrx_word' id='word_1_251' title='bbox 292 3630 334 3675; x_wconf 82' lang='lat' dir='ltr'>ex</span> <span class='ocrx_word' id='word_1_252' title='bbox 363 3631 431 3698; x_wconf 91' lang='lat' dir='ltr'>quo</span> <span class='ocrx_word' id='word_1_253' title='bbox 457 3616 569 3676; x_wconf 83' lang='lat' dir='ltr'>tomen</span> <span class='ocrx_word' id='word_1_254' title='bbox 594 3629 662 3675; x_wconf 93' lang='lat' dir='ltr'>non</span> <span class='ocrx_word' id='word_1_255' title='bbox 687 3603 853 3694; x_wconf 88' lang='lat' dir='ltr'>sequitur,</span> <span class='ocrx_word' id='word_1_256' title='bbox 887 3610 926 3668; x_wconf 87' lang='lat' dir='ltr'>ut</span> <span class='ocrx_word' id='word_1_257' title='bbox 949 3600 1012 3670; x_wconf 88' lang='lat' dir='ltr'>iste</span> <span class='ocrx_word' id='word_1_258' title='bbox 1040 3604 1139 3694; x_wconf 78' lang='lat' dir='ltr'>xysti</span> <span class='ocrx_word' id='word_1_259' title='bbox 1163 3607 1250 3675; x_wconf 86' lang='lat' dir='ltr'>lilius</span> 
     </span>
     <span class='ocr_line' id='line_1_32' title="bbox 150 3704 1249 3802; baseline -0.001 -22"><span class='ocrx_word' id='word_1_260' title='bbox 150 3735 228 3780; x_wconf 88' lang='lat' dir='ltr'>cnm</span> <span class='ocrx_word' id='word_1_261' title='bbox 260 3711 386 3779; x_wconf 82' lang='lat' dir='ltr'>familia</span> <span class='ocrx_word' id='word_1_262' title='bbox 420 3732 482 3778; x_wconf 89' lang='lat' dir='ltr'>sna</span> <span class='ocrx_word' id='word_1_263' title='bbox 515 3733 583 3778; x_wconf 93' lang='lat' dir='ltr'>non</span> <span class='ocrx_word' id='word_1_264' title='bbox 616 3707 765 3802; x_wconf 88' lang='lat' dir='ltr'>potnerit</span> <span class='ocrx_word' id='word_1_265' title='bbox 800 3704 864 3772; x_wconf 82' lang='lat' dir='ltr'>alia</span> <span class='ocrx_word' id='word_1_266' title='bbox 898 3704 935 3773; x_wconf 89' lang='lat' dir='ltr'>in</span> <span class='ocrx_word' id='word_1_267' title='bbox 967 3704 1053 3773; x_wconf 87' lang='lat' dir='ltr'>urbe</span> <span class='ocrx_word' id='word_1_268' title='bbox 1077 3705 1249 3780; x_wconf 81' lang='lat' dir='ltr'>habitare:</span> 
     </span>
     <span class='ocr_line' id='line_1_33' title="bbox 148 3805 1248 3900; baseline -0.012 -17"><span class='ocrx_word' id='word_1_269' title='bbox 148 3808 240 3884; x_wconf 88' lang='lat' dir='ltr'>unde</span> <span class='ocrx_word' id='word_1_270' title='bbox 267 3814 339 3883; x_wconf 87' lang='lat' dir='ltr'>veri</span> <span class='ocrx_word' id='word_1_271' title='bbox 372 3814 591 3899; x_wconf 88' lang='lat' dir='ltr'>simillimum,</span> <span class='ocrx_word' id='word_1_272' title='bbox 632 3813 666 3880; x_wconf 93' lang='lat' dir='ltr'>in</span> <span class='ocrx_word' id='word_1_273' title='bbox 696 3807 791 3900; x_wconf 90' lang='lat' dir='ltr'>quod</span> <span class='ocrx_word' id='word_1_274' title='bbox 822 3805 895 3898; x_wconf 88' lang='lat' dir='ltr'>quis</span> <span class='ocrx_word' id='word_1_275' title='bbox 926 3806 1068 3893; x_wconf 87' lang='lat' dir='ltr'>incidat,</span> <span class='ocrx_word' id='word_1_276' title='bbox 1108 3810 1248 3885; x_wconf 58' lang='grc' dir='ltr'><strong><em>Ταίνα-</em></strong></span> 
     </span>
     <span class='ocr_line' id='line_1_34' title="bbox 149 3909 1249 4012; baseline -0.005 -23"><span class='ocrx_word' id='word_1_277' title='bbox 149 3944 210 4012; x_wconf 82' lang='grc' dir='ltr'>ρος</span> <span class='ocrx_word' id='word_1_278' title='bbox 237 3917 347 3986; x_wconf 74' lang='lat' dir='ltr'>fuerit</span> <span class='ocrx_word' id='word_1_279' title='bbox 399 3917 539 3986; x_wconf 87' lang='lat' dir='ltr'>Sumam</span> <span class='ocrx_word' id='word_1_280' title='bbox 562 3915 648 3984; x_wconf 76' lang='lat' dir='ltr'>bocz</span> <span class='ocrx_word' id='word_1_281' title='bbox 673 3920 744 3982; x_wconf 92' lang='lat' dir='ltr'>tum</span> <span class='ocrx_word' id='word_1_282' title='bbox 770 3910 981 4003; x_wconf 83' lang='lat' dir='ltr'>epigramma</span> <span class='ocrx_word' id='word_1_283' title='bbox 1005 3909 1053 3978; x_wconf 88' lang='lat' dir='ltr'>sic</span> <span class='ocrx_word' id='word_1_284' title='bbox 1079 3913 1141 3981; x_wconf 86' lang='lat' dir='ltr'>erit</span> <span class='ocrx_word' id='word_1_285' title='bbox 1165 3917 1249 3983; x_wconf 90' lang='lat' dir='ltr'>scri-</span> 
     </span>
     <span class='ocr_line' id='line_1_35' title="bbox 146 4020 314 4090; baseline 0.012 -2"><span class='ocrx_word' id='word_1_286' title='bbox 146 4020 314 4090; x_wconf 87' lang='lat' dir='ltr'>bendum:</span> 
     </span>
    </p>
   </div>
   <div class='ocr_carea' id='block_1_6' title="bbox 309 4131 980 4230">
    <p class='ocr_par' dir='ltr' id='par_1_6' title="bbox 309 4131 980 4230">
     <span class='ocr_line' id='line_1_36' title="bbox 309 4131 980 4230; baseline -0.01 -16"><span class='ocrx_word' id='word_1_287' title='bbox 309 4131 456 4215; x_wconf 77' lang='grc' dir='ltr'><strong><em>Ξύοτον</em></strong></span> <span class='ocrx_word' id='word_1_288' title='bbox 472 4163 519 4230; x_wconf 83' lang='grc' dir='ltr'>με</span> <span class='ocrx_word' id='word_1_289' title='bbox 532 4138 646 4209; x_wconf 80' lang='grc' dir='ltr'><strong><em>παῖδα</em></strong></span> <span class='ocrx_word' id='word_1_290' title='bbox 722 4144 797 4186; x_wconf 85' lang='grc'>-’</span> <span class='ocrx_word' id='word_1_291' title='bbox 824 4167 877 4184; x_wconf 93' lang='grc'>-</span> <span class='ocrx_word' id='word_1_292' title='bbox 926 4168 980 4183; x_wconf 91' lang='grc'><strong>-</strong></span> 
     </span>
    </p>
   </div>
   <div class='ocr_carea' id='block_1_7' title="bbox 231 4330 1041 4523">
    <p class='ocr_par' dir='ltr' id='par_1_7' title="bbox 231 4330 1041 4523">
     <span class='ocr_line' id='line_1_37' title="bbox 231 4330 1003 4434; baseline -0.013 -15"><span class='ocrx_word' id='word_1_293' title='bbox 231 4429 233 4434; x_wconf 67' lang='lat'><em>,</em></span> <span class='ocrx_word' id='word_1_294' title='bbox 310 4338 379 4418; x_wconf 69' lang='lat' dir='ltr'>cdv</span> <span class='ocrx_word' id='word_1_295' title='bbox 391 4341 594 4418; x_wconf 74' lang='grc' dir='ltr'><strong><em>καλλίνικον</em></strong></span> <span class='ocrx_word' id='word_1_296' title='bbox 611 4337 742 4432; x_wconf 74' lang='grc' dir='ltr'><strong><em>χῶσον,</em></strong></span> <span class='ocrx_word' id='word_1_297' title='bbox 770 4335 922 4432; x_wconf 77' lang='grc' dir='ltr'><strong><em>ἄρσενας</em></strong></span> <span class='ocrx_word' id='word_1_298' title='bbox 939 4330 1003 4410; x_wconf 77' lang='grc' dir='ltr'>δύο</span> 
     </span>
     <span class='ocr_line' id='line_1_38' title="bbox 970 4457 1041 4523; baseline -0.014 -14"><span class='ocrx_word' id='word_1_299' title='bbox 970 4457 1004 4523; x_wconf 82' lang='grc' dir='ltr'>Χ</span> <span class='ocrx_word' id='word_1_300' title='bbox 1020 4457 1041 4508; x_wconf 76' lang='lat'>*</span> 
     </span>
    </p>
   </div>
   <div class='ocr_carea' id='block_1_8' title="bbox 0 0 1426 4920">
    <p class='ocr_par' dir='ltr' id='par_1_8' title="bbox 0 0 1426 4920">
     <span class='ocr_line' id='line_1_39' title="bbox 0 0 1426 4920; baseline 0 5"><span class='ocrx_word' id='word_1_301' title='bbox 0 0 1426 4920; x_wconf 95' lang='lat' dir='ltr'> </span> 
     </span>
    </p>
   </div>
  </div>
 </body>
</html>
