2842 4920
541 339 629 405 LlB
653 340 676 402 l.
723 341 816 403 cau.
840 344 890 407 la.
1230 348 1272 445 ’11

159 560 233 632 μην
249 556 304 620 σι,
330 529 400 599 hoc
414 552 524 616 sensu,
550 528 584 599 ai
597 551 655 599 me
672 528 806 600 iniuria
822 527 1010 626 afficeres,
1032 555 1199 626 pumrcm
1217 547 1272 608 te.-

160 637 240 724 scd,
267 635 395 704 etiamsi
408 634 492 702 velis
510 631 556 700 ad
570 656 731 725 praesen<
743 641 878 726 tempus
894 635 1032 722 referri,
1057 645 1171 707 tamen
1187 663 1272 731 pro-

158 740 235 860 pria
253 738 298 807 dc
302 738 494 831 praeterito
511 736 637 805 dictum
655 738 735 822 crit,
760 735 828 805 hoc
841 737 962 807 modu:
974 686 1051 830 ιίάο
1067 748 1102 809 te
1114 743 1229 811 mihi
1216 768 1272 814 ιιι-

158 842 297 912 iuriam
324 841 507 911 intulisse:
543 849 619 908 tum
640 837 838 934 puniebam
864 851 908 910 te.
962 842 1076 926 Quam
1094 839 1271 917 Elmsleius

157 947 204 1015 ad
235 945 367 1019 Bacch,
395 941 481 1011 612.
509 941 623 1016 1311.
646 944 735 1011 viam
759 943 849 1027 iniit,
877 937 1077 1018 ἐλάνθανεν
1100 959 1134 1015 et
1155 950 1272 1020 similia

156 1071 223 1142 pro
243 1043 365 1145 λήσειν
381 1049 507 1138 ἔμελλε
526 1046 618 1131 dici,
644 1069 754 1136 coque
770 1047 956 1137 particulae
975 1049 1188 1120 omissionem
1208 1053 1272 1122 de-

156 1151 253 1220 femli
267 1162 378 1234 ratus,
402 1149 544 1242 probari
565 1173 632 1224 non
656 1173 758 1242 posse
782 1151 895 1218 monui
916 1150 961 1218 ad
983 1152 1092 1243 Soph.
1108 1155 1163 1229 El
1183 1154 1269 1228 902.

156 1255 288 1325 Nam
263 1278 291 1322 ει
312 1255 358 1322 ita
374 1262 479 1337 essct,
505 1275 571 1321 non
586 1262 704 1344 posset
721 1253 926 1345 procudam
947 1255 1048 1322 ctiam
1069 1251 1271 1333 ἐλάνθανεν

157 1356 203 1430 οῖν
220 1358 299 1429 dici
352 1356 458 1446 Atqui
473 1364 508 1424 ct
529 1377 595 1447 pro
613 1350 857 1429 ἐλάνθανεν
831 1384 877 1428 αν
890 1356 946 1424 vix
965 1379 1106 1447 usquam
1120 1383 1189 1429 nun
1202 1385 1270 1454 Ρο-

156 1462 236 1529 teris
259 1462 384 1551 ἔμελλε
405 1452 527 1554 λήσειν
542 1458 665 1546 dicere,
692 1467 727 1526 ct
740 1481 805 1550 pro
820 1459 945 1551 ἔμελλε
958 1452 1094 1554 λήσειν,
1119 1464 1178 1532 ubi
1191 1467 1270 1554 qui-

157 1563 237 1632 dem
249 1564 286 1632 id
300 1563 345 1632 ad
361 1585 428 1630 ιιοιι
443 1562 619 1654 impletam
632 1562 860 1629 conditionem
873 1562 1034 1649 refertur,
1060 1565 1186 1656 ubique
1203 1569 1270 1637 dici

156 1675 270 1760 potest
295 1658 548 1739 ἐλάνθανεν*
521 1692 577 1736 αν.
637 1663 695 1732 Sic
717 1663 921 1733 Schaelcrus
943 1662 1027 1733 Mel
1050 1689 1097 1740 cr
1115 1692 1153 1761 p
1181 1669 1268 1744 131

156 1781 248 1840 recte
266 1769 442 1855 observat,
467 1767 502 1835 in
516 1766 568 1835 his
585 1766 753 1835 Herodoti
772 1767 815 1835 ll
830 1764 892 1839 43.
910 1765 968 1838 καί
988 1762 1063 1863 μήν
1077 1771 1115 1841 εί
1122 1799 1163 1864 γε
1177 1769 1270 1870 παρ’

154 1866 337 1970 Ελλήνων
352 1819 484 1963 illudue
502 1864 646 1963 οὔνομά
659 1896 724 1943 τευ
742 1869 926 1960 δαίμονος,
951 1895 1095 1943 τουτων
1106 1901 1171 1945 ουκ
1190 1872 1269 1969 ήκι-

156 2003 225 2049 στα
234 2031 249 2065 ,
277 1968 371 2047 α’λλα
386 1968 549 2067 μάλιστα
566 1974 717 2065 ἔμελλον
737 1966 884 2070 μνήμην
897 1976 1010 2062 ἕξειν,
1033 1974 1098 2043 dici
1118 1978 1268 2068 putuisse

155 2079 261 2168 ἔσχον
275 2076 322 2150 οῖν
336 2070 492 2174 μνήμην.
543 2076 662 2166 ltaque
676 2076 735 2144 illo
751 2075 902 2145 Elmsleii
920 2088 1120 2167 argumento
1133 2102 1202 2148 nou
1215 2082 1268 2149 el-

155 2183 265 2250 licitur
284 2180 380 2271 quod
396 2181 605 2268 quaerimus,
635 2179 718 2270 quid
738 2179 866 2249 intersit
879 2187 992 2246 utrum
1010 2177 1211 2258 ἐλάνθανεν
1224 2209 1268 2253 an

155 2279 356 2357 ἐλάνθανεν
371 2281 417 2355 σίν
439 2283 580 2363 dicatur.
632 2285 705 2351 Nos
724 2305 826 2372 quam
851 2277 993 2351 omissae
1006 2286 1191 2376 particulae
1209 2312 1267 2355 ra-

154 2389 278 2456 tionem
303 2408 376 2454 esse
398 2384 558 2470 diximus,
592 2385 662 2454 eius
680 2386 810 2478 insigne
833 2386 1026 2476 exemplum
1051 2397 1156 2456 exstat
1174 2391 1268 2482 apud

154 2488 368 2559 Andocidem
391 2489 435 2558 dc
456 2498 557 2615 myst.
582 2513 621 2581 Ρ.
641 2487 703 2562 28
729 2487 834 2576 (118
863 2483 900 2582 §.
927 2486 1073 2579 57.)
1034 2517 1071 2561 τι
1094 2489 1140 2560 clu
1163 2490 1266 2583 ιίμυίν

155 2597 302 2673 ἕκαστος
314 2585 501 2684 ἐποιήσεν,·
519 2595 555 2664 εἰ
565 2592 634 2685 μέν
648 2585 717 2717 γρίρ
735 2587 778 2689 ήν
794 2596 892 2663 δυεῖν
905 2584 952 2664 τά
965 2595 1090 2684 ἕτερον
1101 2594 1264 2685 ἑλέσθαι,

154 2694 312 2785 ήκαλσῖς
335 2691 619 2774 ἀπολέσθαι,
596 2724 617 2816 η
642 2694 796 2790 αἰσχράς
819 2692 1060 2788 σωθήναι,”
1039 2721 1117 2783 εχοι
1143 2693 1188 2766 άν
1209 2723 1266 2778 τις

156 2801 267 2871 ειπεῖν
294 2797 421 2871 κακίαν
448 2795 541 2870 εἶναι
556 2826 605 2871 τα
596 2790 814 2891 λεγόμενα·
841 2795 964 2869 καίτοι
981 2795 1156 2870 πολλοί
1131 2827 1184 2872 αν
1205 2799 1264 2871 καί

155 2901 267 2974 τοῦτο
285 2905 487 2988 εἴλοντο,
514 2900 561 2973 τά
578 2900 639 2994 ζήν
660 2899 742 2994 περί
757 2899 920 2980 πλείονος
939 2894 1181 2992 ποιησάμενοι
1195 2902 1265 2974 τοῦ

153 3003 266 3084 καλοῖς
295 2999 522 3127 άπρθανεῖν·
576 3000 668 3120 ὅπου
694 3003 731 3073 δέ
756 2996 898 3074 τούτων
924 2996 971 3073 ‘cd
995 2998 1263 3075 ἐναντιυίτατον

153 3102 215 3201 ἤν,
243 3099 469 3228 σιωπήσαντι
489 3105 573 3197 μέν,
601 3100 702 3196 αὐτῷ
722 3130 765 3176 τε
783 3105 953 3191 αἴσχιστα
970 3099 1175 3175 άπολέσθαι
1182 3131 1262 3225 μη·

154 3209 213 3282 δέν
231 3202 453 3330 ἀσεβήσαντι
463 3264 476 3297 ,
505 3210 560 3282 ἔτι
580 3207 618 3281 δέ
641 3202 708 3280 τόυ
724 3207 866 3302 πατέρα
881 3208 1056 3299 περιϊδεῖν
1073 3199 1261 3297 οἷπολόμε-
1303 3250 1305 3253 -

152 3337 216 3385 νον
238 3309 298 3383 καί
322 3303 389 3384 τάν
413 3304 586 3434 κηδεστήν
610 3309 669 3381 καί
689 3336 774 3390 τους
797 3314 974 3401 συγγενεῖς
998 3307 1059 3380 καί
1088 3303 1262 3404 α’νειγιους

151 3407 370 3501 τοσούτους,
406 3414 473 3495 οὓς
495 3411 612 3494 οὐδεὶς
638 3406 923 3493 άπάλλυεν
900 3438 920 3506 η
951 3439 1039 3504 εγω,
1071 3405 1125 3507 μή
1152 3406 1261 3486 εῖπων

152 3543 195 3597 ως
203 3511 365 3610 ἕτεροι
338 3536 526 3640 ημαρτον
539 3513 836 3643 Διοκλείδηςμέν
850 3540 920 3608 γαρ
935 3507 1162 3607 ψευσάμενος
1175 3518 1260 3612 ἐδη-

151 3643 212 3692 σεν
230 3613 383 3706 αὐτούς,
410 3617 570 3715 σωτηρία
587 3618 625 3691 δε
642 3614 764 3690 αὐτοῖν
781 3615 869 3710 άλλη
887 3611 1080 3709 οὐδεμία
1056 3643 1116 3712 ην,
1143 3615 1167 3737 ή
1185 3645 1259 3690 πυ-

150 3723 292 3794 θέσθαι
312 3717 538 3818 Αθηναίους
564 3717 686 3793 πάντα
710 3713 760 3792 τοί
781 3719 1013 3842 πραχθέντα·
1042 3711 1171 3810 φονεάς
1193 3715 1259 3793 οὖν

150 3819 273 3897 αιίτοῖν
294 3819 518 3944 ἐγινόμην
544 3816 632 3917 ἐγοί,
657 3816 710 3942 μή
733 3815 842 3895 είπων
862 3817 950 3911 υμῖν
975 3819 1001 3892 ά
1020 3818 1174 3948 ήκουσα
1201 3823 1258 3896 ἔτι

151 3925 190 3998 δέ
206 3925 437 4050 τριακοσίους
450 3923 660 4055 Αθηναίωγ
686 3917 945 4001 άπάλλοον,
973 3951 1032 3996 και
1051 3950 1073 4019 η
1099 3917 1237 4005 πάλις’
1219 3952 1259 3998 εν

148 4034 271 4110 κακοῖς
286 4034 362 4110 τοῖς
374 4029 558 4154 μεγίστρις
580 4027 774 4121 ἐγίνετο
801 4024 920 4098 ταιῖτα
935 4025 1004 4117 μέν
1021 4053 1087 4099 ουν
1104 4022 1150 4122 ἦν
1165 4027 1258 4120 ἐμοῦ

149 4125 202 4228 μή
219 4125 402 4212 εἰπόντος·
429 4126 538 4205 εἰπάν
554 4130 591 4205 δέ
607 4158 654 4203 τα
671 4127 783 4215 ὄντα,
811 4120 921 4207 αυτάς
940 4155 982 4200 τε
1007 4123 1254 4228 ἐσωζόμην,

109 4320 114 4335 ι
149 4233 209 4305 καί
223 4226 290 4307 τάν
311 4237 453 4330 πατέρα
477 4236 641 4321 ἔσωζον
656 4231 717 4305 καί
736 4257 821 4311 τους
836 4229 963 4311 ἄλλους
979 4237 1169 4325 συγγενεῖς,
1195 4233 1255 4304 καί

150 4329 216 4424 τήν
244 4330 397 4414 πόλιν’
379 4365 417 4412 εκ
440 4331 561 4434 φόβου
586 4335 647 4408 καὶ
670 4334 787 4408 κακοῖν
815 4333 889 4406 τοῖν
907 4332 1087 4429 μεγίστων
1116 4328 1253 4429 α’πήλ-
