2842 4920
152 356 196 418 40
426 302 442 322 “
495 352 553 410 Ι)Ε
590 350 861 410 Puuulcvut
883 344 929 412 oio

151 538 393 640 ἀντεβόλησας
400 599 414 632 ,
450 542 512 612 sed
532 542 619 611 maie
640 544 674 608 in
696 563 737 609 eo
752 563 850 609 versu
873 542 931 631 qui
953 541 1017 611 hos
1038 544 1189 633 sequitur
1212 545 1261 614 sio

152 647 358 716 scribebantz

254 827 347 908 ἄλλοί
360 860 399 906 aa
412 837 512 905 νεῐνα
523 826 686 927 μάλιστα
704 826 791 905 ἰδεῖν
806 826 1005 928 ἑτεθήπεας
1022 832 1142 929 θυμῷ.
1226 916 1230 921 ,

98 1084 102 1089 .
150 1021 338 1111 Vtrumque
364 1022 399 1088 in
421 1029 595 1112 postrema
619 1018 765 1087 editione
790 1020 920 1111 recepit
941 1018 1094 1091 Wolfius.
1127 1008 1262 1115 'Vuigo

152 1117 334 1220 ἐτεθήπεα
344 1179 357 1212 ,
393 1147 436 1190 ex
465 1121 532 1192 Od.
561 1133 587 1208 ζ.
618 1121 703 1190 166.
731 1133 768 1190 ut
793 1123 922 1214 opinor.
975 1124 1041 1192 Alii
1066 1117 1261 1218 ἐτεθήπεα,

153 1227 208 1293 alii
223 1219 365 1320 θηήσαο
368 1242 386 1313 ,‘
397 1250 499 1314 quam
515 1249 629 1293 veram
646 1227 846 1317 scripturam
862 1249 934 1293 esse
949 1226 1003 1293 vix
1019 1227 1094 1293 sinit
1108 1226 1263 1294 dubitare

152 1329 336 1397 simillimus
350 1324 461 1412 locus,
489 1327 556 1399 0d.
572 1335 601 1402 λ.
617 1324 706 1396 415.
721 1352 816 1418 seqq.
868 1328 973 1398 Aliud
991 1340 1188 1422 corruptum
1206 1353 1262 1398 ex·

76 1467 82 1473 ·
154 1431 305 1525 emplum
320 1432 484 1500 invenitur
501 1431 569 1501 od.
584 1441 612 1514 ξ.
627 1429 714 1499 162.

254 1617 405 1713 τοῦμὲν
422 1615 620 1713 φθίνοντος
633 1611 764 1717 μηνός,
789 1617 860 1693 τοῦ
876 1614 913 1692 δ’
930 1620 1159 1712 ἱσταμένοιο,

188 1800 191 1814 Ι
255 1723 379 1794 οἴκαδε
393 1715 580 1818 νοστήσει,
605 1723 666 1795 ναὶ
688 1721 847 1809 τίσεται,
876 1719 914 1800 ὅς
929 1749 988 1794 τεν
1003 1722 1139 1794 ἐκείνου

191 1833 192 1837 ’
255 1818 386 1898 ἐνθάδ’
405 1819 575 1915 οέτιμοίζει
592 1823 725 1912 ἄλοχον
743 1823 803 1893 καὶ
822 1822 1000 1918 φαίδιμον
1015 1818 1108 1898 οἶόν.

151 2007 292 2082 Hic'aut
302 2001 461 2104 οἰτιμᾶζῃ
473 2007 697 2096 scribendum,
718 2017 786 2096 aut,
805 2017 936 2077 servato
949 2009 1139 2099 indicativo,
1154 2010 1262 2104 ὅςτις,

152 2112 248 2206 quod
263 2114 317 2181 alii
331 2111 407 2181 libri
420 2111 558 2178 habent.

257 2215 329 2284 Sed
345 2214 421 2282 satis
440 2213 484 2281 de
503 2214 572 2300 im,
596 2237 684 2304 quae
704 2212 786 2281 ferri
803 2221 982 2304 nequeunt.
1033 2215 1154 2283 Dicam
1174 2240 1263 2285 nune

153 2318 199 2388 de
219 2317 283 2387 illis
304 2316 436 2388 duobus
461 2316 590 2403 modis,
617 2339 702 2407 quos
723 2338 826 2407 supra
840 2316 954 2384 monui
975 2318 1095 2384 rationi
1114 2340 1183 2385 non
1205 2342 1264 2387 re-

152 2445 328 2517 pugnare,
362 2422 389 2489 si
415 2421 545 2511 possint
572 2420 732 2511 exemplis
761 2421 959 2487 confirmari.
1020 2420 1149 2488 Eorum
1169 2423 1264 2512 prior

154 2535 227 2595 erat
252 2526 297 2610 is,
329 2531 367 2592 nt
394 2523 429 2591 in
452 2525 640 2592 narratione
662 2525 712 2591 rei
732 2523 892 2591 fortuitae
918 2524 1203 2611 quemadmodum
1217 2527 1271 2593 ,in-

152 2628 362 2722 praeteritis,
388 2627 435 2693 sic
457 2628 557 2694 etiam
575 2650 651 2694 cum
671 2628 855 2717 praesentis
876 2626 1055 2694 indicativo
1075 2628 1265 2719 coniunge-

152 2741 245 2799 retur
257 2729 314 2801 ἄν.
364 2728 491 2796 Fateor
504 2752 595 2814 vero,
622 2730 749 2796 nullum
767 2729 850 2797 mihi
864 2731 1054 2821 exemplum
1069 2731 1263 2818 occurrisse,

153 2833 249 2924 quod
265 2833 357 2900 hune
381 2854 479 2899 usum
497 2832 543 2899 ita
561 2833 691 2917 firmet,
725 2841 763 2899 ut
786 2854 855 2900 non
877 2845 934 2899 aut
956 2842 1172 2924 corruptum,
1206 2843 1265 2902 aut

153 2937 273 3025 saltem
296 2944 491 3028 suspectum
505 2934 665 3006 videatur.
718 2935 790 3002 Sed
810 2934 1095 3024 quemadmodum
1116 2946 1264 3005 temera-

50 3121 53 3127 ,
152 3041 220 3108 nius
246 3048 351 3125 esset,
379 3039 437 3127 qui
460 3037 567 3105 dubiis
587 3038 750 3128 exemplis
773 3038 975 3125 confideret,
1001 3040 1047 3105 ita
1065 3061 1133 3106 non
1154 3041 1270 3129 minus¹

152 3139 397 3212 ineonsiderate
420 3150 554 3232 ageret,
581 3141 639 3229 qui
663 3164 749 3229 quae
771 3163 841 3208 non
864 3152 922 3207 aut
942 3142 1039 3208 certis
1072 3151 1129 3209 ant
1151 3143 1263 3209 multis

47 3296 51 3302 -
154 3246 315 3336 exemplis
331 3244 552 3333 comprobata
566 3243 712 3322 videret,
739 3266 782 3310 ne
805 3239 916 3333 'posse'
937 3243 1080 3333 quidem·
1097 3244 1164 3313 dici
1179 3267 1264 3314 eon-

153 3348 318 3417 tenderet.
368 3344 474 3438 Apud
487 3345 675 3412 Homerum
689 3345 784 3414 iliad.
803 3354 831 3427 ξ.
847 3343 934 3412 484.
949 3347 1089 3438 legitur:

650 3531 703 3626 τῷ
717 3529 777 3603 κατ’
787 3533 829 3605 ιε’
839 3559 895 3613 τις
913 3530 1059 3621 εὔχεται
1074 3528 1166 3630 οἱνήρ

257 3628 396 3729 γνωτόν
412 3634 464 3707 ἐνὶ
477 3625 693 3729 μεγάροισιν
710 3631 797 3731 οἰρής
812 3630 972 3732 α’λντήρα
983 3639 1168 3710 λιτέσθαι.

154 3825 234 3892 Non
249 3822 346 3890 facile
366 3821 453 3890 haee
469 3823 645 3911 quisquam
658 3821 942 3914 reprehenderet,
970 3824 997 3890 si
1016 3825 1157 3892 verbum
1174 3833 1264 3893 esset

155 3927 317 4016 temporis
332 3925 512 4018 praeteriti.
565 3925 692 3992 Verum
709 3927 770 3992 etsi
787 3926 873 3994 haec
897 3935 946 3993 est
962 3929 1203 4017 plerorumque
1219 3930 1264 3995 li-

155 4029 296 4096 brorum
306 4029 496 4135 ‘scriptum
521 4037 633 4095 tamen
648 4027 731 4095 nihii
754 4030 785 4095 ei
803 4029 1016 4096 tribuendum
1031 4040 1091 4098 est.
1146 4029 1262 4100 Omis-

158 4154 232 4199 sum
247 4140 349 4202 estne
366 4131 400 4197 in
423 4131 540 4198 codice
562 4130 654 4222 apud
670 4130 862 4218 Clarkium,
887 4133 1074 4221 omittitque
1094 4136 1128 4201 in
1151 4134 1263 4224 expii-
1305 4181 1307 4185 .

159 4235 288 4302 catione
314 4234 379 4300 ioci
403 4232 596 4300 Eustathius
618 4258 653 4325 p.
685 4232 779 4321 998,
812 4234 872 4306 41.
899 4232 1121 4326 (995,15.)
1174 4235 1269 4304 (iodov

156 4337 249 4406 Vrat.
270 4337 303 4408 d.
319 4345 429 4418 autem
451 4335 554 4405 habet
573 4336 625 4425 id,
653 4337 746 4426 quod
765 4345 803 4406 ut
827 4347 861 4407 et
885 4339 1117 4431 consuetudini
1137 4348 1263 4432 poetae
