2842 4920
494 390 579 451 LIB.
600 389 652 452 lll.
696 389 791 450 CAP.
811 395 843 456 o.
864 395 895 456 ‘t-
1196 395 1261 458 loo

152 579 319 670 exempla,
344 577 379 647 in
399 580 521 670 quibus
543 579 668 648 diserte
690 580 805 648 addita
819 589 870 647 est
888 580 1046 668 conditio,
1071 581 1149 649 vide
1165 582 1260 673 apud

151 684 415 884 Ἤιτει
427 810 469 854 er
488 786 552 871 his,
578 785 729 876 optativo
745 807 822 853 cnm
837 785 1001 876 particula
1018 783 1062 855 οἳν
1080 788 1260 854 coniuncto

152 890 344 981 opinionem
374 888 555 980 significari
584 888 629 955 dc
656 911 717 973 eo,
751 887 845 977 quod
867 911 909 955 ex
937 888 1048 976 aliqua
1069 889 1260 958 conditione

150 992 306 1084 pendeat.
358 993 464 1081 Atqui
487 991 582 1081 quod
602 992 650 1058 sic
672 991 811 1058 demum
832 1013 907 1058 esse
927 985 1101 1082 putamus,
1134 1003 1260 1062 utnon

151 1095 190 1162 sit
213 1096 276 1162 nisi
297 1094 489 1163 conditione
514 1095 626 1186 aliqua
646 1094 800 1186 impleta,
826 1093 862 1160 id
885 1104 1043 1184 apertum
1066 1105 1203 1163 estnon
1223 1106 1262 1163 ut

150 1199 243 1285 quod
259 1221 340 1265 vere
362 1199 420 1282 sit,
447 1198 509 1265 sed
533 1207 571 1264 ut
594 1196 688 1287 quod
708 1197 817 1288 possit
838 1221 912 1264 csse
934 1198 1085 1289 cogitari.
1135 1201 1189 1267 Eo
1207 1200 1261 1266 fa-

151 1311 241 1368 ctum
260 1311 329 1387 est,
355 1311 394 1368 ut
417 1301 629 1392 grammatici
645 1300 846 1392 particulam
861 1300 951 1366 illam
969 1294 1169 1392 σύνδεσμον
1193 1305 1261 1374 δο-

150 1398 296 1498 mando
316 1402 539 1496 appellarent.
592 1403 697 1488 Quod
714 1412 827 1470 tamen
848 1426 916 1476 nou
932 1404 980 1470 sic
1003 1412 1054 1471 cst
1072 1405 1262 1497 intelligen-

150 1507 231 1573 dum
248 1507 328 1574 acsi
344 1504 493 1599 nocoip'
509 1504 556 1579 οἳν
569 1506 660 1573 idem
674 1507 716 1573 sit
731 1505 827 1594 quod
841 1499 1000 1596 δύναμαι
1017 1512 1146 1578 ποιεῖν.
1173 1510 1264 1574 Nam

150 1609 231 1677 illud
246 1611 414 1701 posterius
434 1611 484 1677 rei
501 1633 603 1677 verae
620 1609 887 1676 enunciationem
903 1609 1065 1693 continet,
1093 1632 1165 1677 esse
1179 1610 1262 1678 mihi

148 1721 350 1804 potestatem
378 1712 535 1784 faciendi.
587 1712 666 1779 Hoc
691 1720 803 1779 autem
829 1706 976 1801 αοιοῖμ’
1001 1710 1047 1782 ἄν
1068 1711 1263 1802 opinionem

149 1816 290 1899 indicat,
316 1817 484 1884 facturum
497 1840 553 1884 me
567 1839 650 1902 esse,
677 1815 704 1882 si
717 1814 805 1882 forte
820 1814 960 1904 impleta
976 1814 1019 1880 sit
1037 1814 1184 1883 conditio
1199 1817 1263 1884 ali-

151 1942 234 2008 qua,
261 1942 323 1987 cur
338 1921 472 1988 faciam.
526 1920 573 1987 Vt
586 1917 680 2008 quod
694 1927 746 1986 est
760 1919 795 1984 in
812 1916 1038 2002 Prometheo,

252 2067 335 2143 αλλ’
351 2071 438 2144 οὔτε
454 2072 561 2164 σνγοῖν
575 2069 662 2144 οὔτε
678 2065 733 2165 μή
752 2069 859 2163 σιγᾶν
872 2064 983 2159 τύχας

157 2206 162 2219 2
251 2168 334 2247 οἶόν
346 2176 469 2267 τέμοι
484 2168 587 2256 τοὶςδ’
602 2173 700 2263 ἐστι’,

152 2328 222 2419 quis
239 2328 287 2395 ita
304 2328 410 2414 dicat,
438 2327 524 2400 οὔτε
542 2325 676 2422 σιμῷμ’
692 2327 757 2414 ἄν,
784 2323 867 2400 οὔτ’
880 2323 925 2400 ού
941 2324 1074 2422 ονμῷμ’
1090 2325 1166 2401 oio?
1191 2331 1264 2399 Ne·

151 2455 217 2522 que
232 2432 322 2499 enim
336 2431 419 2521 quid
432 2432 575 2500 fortasse
588 2433 738 2499 facturus
754 2431 804 2517 sit,
818 2429 931 2498 dicere
944 2432 1016 2498 vult
1030 2432 1264 2521 Prometheus,

152 2535 211 2603 sed
224 2558 263 2602 re
276 2558 357 2602 vera
370 2557 436 2602 nec
449 2545 563 2602 tacere
579 2559 615 2602 se
633 2557 697 2602 uec
714 2556 782 2601 nou
797 2542 911 2600 tacere
924 2534 1078 2599 iniuriam
1095 2557 1163 2623 qua
1177 2534 1264 2602 affe-

151 2653 222 2706 ctus
247 2639 289 2706 sit
310 2661 423 2730 posse.
476 2637 603 2706 Contra
626 2636 719 2727 quod
744 2635 860 2727 posuit
879 2633 1074 2704 Herodotus
1099 2637 1157 2704 lv.
1178 2634 1262 2706 195.

153 2745 205 2839 εἴη
226 2737 266 2813 δ’
287 2740 333 2813 ἄν
352 2740 445 2830 ποῖν,
472 2738 558 2813 ὄνον
580 2740 639 2813 καὶ
654 2747 692 2813 ἐν
707 2733 887 2833 Ζακύνθῳ
906 2743 943 2812 ἐκ
962 2737 1085 2838 λίμνης
1102 2740 1162 2811 ναὶ
1177 2737 1266 2813 ὕδα·

152 2871 213 2924 νος
235 2841 367 2940 πίσσην
391 2839 669 2966 α’ναφερομέννμ
690 2835 800 2922 ariade
824 2836 893 2931 syo*
913 2841 1046 2937 ὥριον,
1074 2867 1175 2912 nemo
1197 2867 1265 2912 nou

152 2947 260 3034 videt,
286 2947 314 3014 si
343 2946 478 3014 dixisset
508 2948 784 3021 (levatorium,
812 2946 918 3011 ιιιιιΙιο
942 2968 1019 3012 eum
1043 2947 1265 3016 confidentius

152 3050 273 3119 dixisse
291 3057 326 3117 et
333 3048 485 3117 detracta
499 3049 663 3141 opinionis
680 3046 857 3126 modestia,
873 3070 975 3135 quam
988 3071 1103 3136 quum,
1117 3059 1155 3116 ut
1170 3050 1262 3137 lecit,

152 3153 283 3246 opinari
314 3176 351 3220 se
376 3152 552 3237 indicavit,
584 3150 685 3238 nihil,
719 3148 818 3217 certis
841 3149 979 3238 quidem
1005 3148 1263 3236 conditionibus,

150 3255 348 3325 incredibile
371 3278 454 3324 esse.
508 3254 555 3322 Et
573 3253 642 3324 hoc
663 3253 801 3346 quidem
825 3276 933 3346 genus
956 3253 1004 3320 ita
1025 3252 1140 3323 tritum
1154 3262 1205 3323 est
1229 3262 1265 3322 ut

152 3359 316 3452 exemplis
331 3382 401 3429 non
415 3357 575 3452 indigeat.

669 3563 743 3634 vll.

298 3717 365 3786 De
386 3714 603 3808 'optativo
629 3738 725 3785 cnm
750 3714 805 3788 οἷν
824 3736 913 3806 pro
929 3711 1115 3807 sutoro.
1229 3704 1234 3712 ’

259 3867 349 3936 Cum
369 3868 438 3936 hoc
455 3866 643 3960 significatu
665 3868 947 3936 coniunctissimus
967 3876 1017 3935 est
1040 3869 1143 3954 alius,
1167 3868 1264 3960 isque

153 3994 222 4038 non
244 3973 355 4041 minus
373 3972 543 4061 frequens.
583 3972 674 4039 Nam
695 3994 782 4061 quae
801 3970 979 4062 opinamur
997 3971 1138 4061 impleta
1152 3972 1264 4061 aliqua
1359 4020 1362 4027 -

154 4074 349 4144 conditione
368 4077 458 4162 lieri,
485 4076 554 4143 sive
570 4096 658 4164 quae
676 4081 817 4167 possunt
831 4075 922 4160 lieri,
947 4097 1012 4164 per
1032 4099 1068 4142 se
1085 4076 1162 4167 ipsa
1183 4076 1264 4143 nulli

155 4187 232 4246 sunt
260 4181 407 4273 tempori
430 4177 604 4246 adstricta:
636 4179 709 4246 sola
737 4178 825 4245 enim
851 4178 887 4244 in
917 4178 1122 4270 cogitatione
1149 4177 1264 4246 nostra

155 4291 340 4353 versantur.
390 4283 509 4373 ltaque
524 4282 587 4350 nisi
606 4281 729 4377 diserte
745 4281 790 4348 ad
807 4281 997 4372 praesentia
1011 4282 1066 4350 vel
1083 4281 1264 4373 praeterita

155 4384 368 4473 referuntur,
393 4395 654 4457 consentaneum
679 4393 747 4470 est,
773 4393 827 4469 ut,
854 4385 1012 4474 quoniam
1037 4385 1084 4471 rei
1104 4406 1185 4452 vere
1207 4384 1262 4451 fn-
