2842 4920
159 366 224 435 Μ
501 371 560 431 DE
598 371 873 437 Ptnulcvur
894 369 940 438 ῶν

160 567 251 645 sunt,
273 582 361 649 quae
381 559 486 628 modo
506 561 690 655 attulimus,
716 556 770 658 μή
793 561 880 660 πρίν
901 589 924 656 y
955 559 1110 665 ἀκούσης
1130 578 1166 639 et
1183 572 1270 669 πρὶν

159 657 391 759 ἑνοῶθωμαι,
419 672 520 754 atque
530 665 604 752 ulla,
632 688 720 759 quae
737 664 837 734 affert
850 668 1035 762 Remigius,

102 837 109 856 ‘
170 816 299 915 μηδὲ
312 812 411 914 δίκην
425 812 578 916 drudam,
598 817 688 915 πριν
704 817 749 893 ἄν
765 815 905 916 ἀμφοῖν
921 817 1089 913 μῦθον
1064 817 1232 922 uxoriam,

68 1033 70 1036 .
159 972 219 1070 et
210 995 244 1039 m
259 972 380 1063 Vespis
394 994 427 1043 v.
448 970 534 1041 919.

208 1119 297 1255 mede
322 1124 396 1197 τῶν
420 1126 548 1248 θεῶν,
563 1151 616 1221 μη
642 1118 991 1221 προκαταμιμνῶσν,
1019 1123 1048 1200 ῶ
1073 1123 1208 1227 adare,
1296 1118 1300 1132 ’

207 1228 294 1326 πριν
321 1224 366 1299 ἀν
391 1223 429 1321 μ’·
456 1220 610 1325 ἀκούσης
636 1224 865 1324 ἀμφοτέρων.

116 1331 118 1336 .
158 1367 213 1435 et
204 1389 238 1433 m
254 1366 321 1455 Eq.
342 1362 428 1468 969.

207 1497 261 1598 μή
287 1501 395 1598 δῆτα.
405 1493 479 1574 νοῶ
477 1531 544 1594 y,
572 1528 599 1573 ω
587 1493 799 1580 γ’διὀνιοτ,
827 1495 1072 1596 ἀντιβολῶ
1036 1528 1058 1574 σ
1098 1497 1187 1595 ἑμῶ,

208 1605 302 1702 πρὶν
321 1603 366 1678 ἀν
392 1632 432 1701 με
458 1604 532 1676 τῶν
558 1601 728 1700 χρησμῶν
755 1597 907 1702 ἀκούσης
929 1606 1002 1677 τῶν
1029 1605 1134 1699 ἐμῶν.

156 1749 229 1830 Sed
248 1782 474 1852 permagnum
490 1766 601 1825 tamen
620 1755 797 1824 discrimen
812 1767 871 1826 est.
924 1760 1012 1826 Nam
1033 1760 1090 1848 qui
1104 1768 1195 1828 vetat
1210 1762 1265 1846 m:

156 1862 286 1950 dicare,
317 1864 514 1955 priusquam
541 1861 681 1926 alteram
702 1867 836 1949 partem
857 1861 930 1948 quis
955 1861 1134 1948 audiverit,
1168 1864 1266 1932 cohi-

156 1967 231 2034 beri
251 1966 324 2034 vult
344 1966 503 2033 iudicium
519 1985 627 2052 usque
649 1961 729 2029 dum
751 1964 935 2045 contrariae
960 1967 1140 2034 sententiae
1159 1990 1266 2060 argu-

134 2075 268 2137 'menta
290 2069 355 2136 sint
374 2068 543 2159 exposita:
571 2087 640 2155 quo
664 2072 792 2131 tantum
816 2065 911 2133 abest
926 2075 963 2134 ut
987 2069 1176 2159 significet,
1203 2094 1267 2146 co-

154 2173 325 2266 gniturum
345 2192 386 2237 ea
408 2191 510 2259 quem
535 2189 630 2251 esse,
657 2174 694 2234 ut
714 2165 795 2234 nihil
819 2167 911 2235 aliud
936 2170 1036 2252 velit,
1071 2193 1172 2258 quam
1196 2196 1267 2250 non

155 2297 230 2364 esse
248 2271 529 2358 iudicandum,
504 2293 532 2340 ιι
553 2292 624 2337 ιιοιι
638 2270 845 2360 cognoverit.
896 2271 993 2339 Etru
1016 2270 1105 2339 hauc
1128 2284 1268 2344 senten-

153 2378 235 2445 tiam
255 2375 382 2444 dictum
403 2384 453 2445 est
472 2366 572 2461 illud,
600 2370 694 2463 quod
716 2371 895 2469 errVespis
915 2384 966 2443 est
991 2375 1136 2444 aliatum.
1189 2378 1274 2447 Eo:

155 2481 301 2571 demque
329 2478 434 2548 modo
454 2480 491 2546 in
509 2475 689 2566 Equitibus
711 2484 815 2568 negat
839 2476 924 2547 Cleo
950 2501 986 2546 se
1009 2493 1130 2548 munus
1151 2503 1265 2551 susce·

30 2602 36 2608 ·
152 2593 308 2676 pturum,
334 2583 397 2650 nisi
420 2582 555 2650 oracula
568 2604 639 2675 *sua
660 2580 811 2670 populus
831 2580 1004 2650 audiverit.
1058 2582 1129 2651 Sed
1157 2607 1265 2654 anea

153 2688 200 2754 sit·
215 2687 272 2755 ille
293 2684 485 2773 auditum,
510 2686 544 2753 iu
563 2683 697 2752 incertis
722 2683 927 2772 relinquitur.
979 2686 1103 2754 Postea
1125 2686 1263 2755 demum

153 2788 254 2858 effert
265 2788 357 2857 illae
374 2789 478 2856 domo
494 2810 565 2878 sua,
592 2794 627 2854 et
639 2785 768 2854 recitat
822 2786 950 2874 Contra
963 2789 1072 2857 inillis
1090 2791 1262 2881 exemplis,

152 2915 240 2984 quae
261 2915 364 2985 supra
386 2890 556 2979 dedimus,
583 2897 714 2958 certum
734 2889 834 2959 instat
855 2891 995 2980 factum,
1021 2892 1114 2981 quod
1131 2915 1172 2960 eo
1185 2895 1262 2985 ipso

150 3019 220 3064 nou
245 2995 361 3064 debuit
386 3019 450 3088 per
470 2994 515 3068 ἄν
541 2994 706 3062 incertum
726 2992 834 3064 reddi.
887 2994 977 3063 Hinc
1000 3018 1100 3086 spero
1122 2994 1262 3064 iudicari

150 3101 276 3193 poterit
292 3098 335 3167 de
349 3099 429 3168 illo
420 3124 456 3168 m
470 3096 618 3168 Acharu.
633 3093 719 3164 294

202 3255 272 3327 ΔΙ.
283 3238 462 3325 ἀντιδ”’
426 3242 863 3372 ωνὲοπιισάμηνοάνῖοτ’
878 3243 933 3321 ἔτ’
940 3244 1047 3322 ’ἀλλ’
1067 3246 1262 3374 damiam

199 3359 285 3429 XO.
315 3354 382 3427 σοῦ
411 3350 447 3448 μ’
468 3345 702 3445 ἀκούσωμονς
727 3346 877 3424 ἀπολεῖ·
912 3344 1007 3425 adra
1031 3377 1071 3426 σο
1095 3347 1261 3446 χῶοομον

217 3486 221 3493 ·
730 3451 948 3537 ‘triclinium

203 3559 273 3633 ΔΙ.
300 3554 483 3656 μηδαμῶς,
505 3556 592 3653 πριν
609 3553 709 3652 ἂνγ’
722 3548 915 3651 ἀκούσητ’·
942 3553 1024 3631 ἀλλ
1042 3548 1260 3647 ἀνάσχεσθ’,

731 3596 882 3751 ῶγαθάἰ.
1176 3699 1179 3704 -

150 3797 209 3867 Sic
221 3794 411 3878 Bentleius‚
436 3793 633 3883 Elmsleim,
660 3795 841 3888 Reisigiue
890 3795 986 3864 Libri
998 3795 1179 3864 fluctuant·
1205 3795 1261 3878 aiii

149 3898 234 3996 πριν
249 3897 295 3970 οἲν
314 3889 509 3993 ἀκούσητε,
536 3899 591 3966 alii
608 3897 693 3994 πρὶν
708 3897 755 3972 ἀν
770 3893 951 3996 ἀνοῶσητο
970 3927 1028 3992 γι,
1055 3898 1109 3966 alii
1122 3894 1260 3994 πρῶν’

150 4000 196 4090 ἀν
211 3994 402 4099 ἀκούσητε,
424 4002 602 4070 Ravennae
617 4024 699 4072 vero
716 4011 750 4070 et
761 4001 968 4092 scholiasteS,
995 3997 1132 4095 πρῶν’
1149 3995 1260 4073 ἀκοῶ-

151 4132 257 4206 aqva,
285 4104 355 4172 sine
377 4101 443 4182 ἀν,
468 4114 573 4196 recte,
600 4107 679 4196 quia
701 4107 767 4174 iarn
791 4105 939 4173 dicturus
960 4115 1012 4173 est
1030 4105 1260 4199 Dicaeopolis,
1290 4131 1293 4138 ·

149 4216 186 4276 ut
202 4208 284 4277 nihil
296 4206 374 4275 hic'
365 4209 481 4275 rucerti
496 4209 547 4277 sit.
601 4208 672 4280 Sed
687 4209 784 4278 metri
794 4208 918 4276 indicio
934 4209 1104 4295 scribe,
1158 4232 1163 4238 ·

201 4362 373 4461 μηδαμῶς
384 4389 443 4455 με
471 4359 609 4458 πρίνγ
630 4357 814 4459 ἀκούσητ’.
