2842 4920
285 376 337 440 DE
358 370 694 436 mscmfflonlavs
716 369 946 449 Qvlssvsonn
971 374 1146 439 GRAECIS.
1202 381 1268 446 m
1347 418 1349 425 .

686 633 730 701 IL

326 768 842 846 OYNOMAMENMAKE

327 890 456 966 TAlc
479 890 945 966 EIIIXWPIONOYNE

321 994 404 1068 ΚΑ
427 992 689 1067 ΜΕΜΦΘΗι
716 995 984 1070 ΜΗΔΕΕΝΙ

319 1111 1129 1192 'KOHPIANMEWNOMAZANI'EAE

270 1215 296 1284 5
327 1217 436 1290 ΤΑΙι
465 1217 537 1297 ΟΥ
556 1213 668 1288 ΓΑΡ
694 1215 948 1291 ATEIMOC
967 1221 1168 1294 EHNIIA

323 1320 401 1395 ΡΑ
423 1317 736 1393 ΔΕΣῙΙΟΤΑΙΣ
763 1321 965 1394 ΑΛΑΜΕ
990 1325 1061 1397 ΘΕ

181 1491 189 1506 ,
325 1423 448 1494 ΥΑΝ·
476 1421 647 1495 Arno!
669 1419 777 1495 ΚΑΙ
797 1425 1008 1498 Kornos
1029 1427 1143 1498 Xan
1248 1383 1251 1387 ¹

319 1522 602 1598 ΣΙΝΕΜΛΙΣ
625 1523 880 1598 ΚΟΜΙΕΙΝι

320 1641 824 1718 AWKANTIMHENTA
845 1667 895 1717 nn

168 1742 172 1747 ’
241 1745 292 1814 lt)
316 1746 586 1821 ΧΥΣΔΕΜΕ
612 1744 911 1821 ΠΑΡΘΕΝΟΥ

316 1863 444 1938 snm
471 1863 938 1963 AAJMWNJSAJAEN

319 1967 908 2043 ΠΕΝΨΕΝΑΜΕΙΛΙΧΙΗΣι

318 2085 585 2172 AAAKAM
584 2091 625 2159 Σ
651 2088 992 2162 TEONWEANE

226 2273 229 2277 ,
323 2189 946 2264 ΤΕΙΜΕΟΝΕΝΤΑΦΙΟΙΣΙΝι

241 2285 291 2357 15
317 2292 426 2366 ΚΑΙ
450 2291 1025 2369 ΤΥΝΒΟΝΓΡΑΨΑΝΜΝΗ

318 2394 588 2470 ΜΟΣΥΝΗΣ
611 2395 843 2468 ΕΝΕΚΕΝ

256 2529 493 2600 Consideranti
525 2529 654 2596 initium
682 2528 908 2621 inscriptionis
941 2531 975 2598 in
1006 2532 1119 2623 priore
1145 2533 1259 2620 tatere,

152 2627 295 2727 Δμωοῖν
323 2633 529 2728 Δωροθέας
554 2657 602 2725 με
626 2629 808 2728 ταχείριοι
832 2671 885 2686 -
907 2627 1074 2723 θάπτον,
1108 2635 1184 2725 ipsa
1204 2634 1261 2702 illa

151 2737 282 2823 mulier,
308 2737 344 2804 in
366 2758 470 2827 quam
495 2736 623 2804 factam
645 2743 698 2803 est
721 2735 942 2830 epigramma,
966 2737 1059 2826 toqui
1081 2737 1259 2811 videbitur.

152 2840 269 2926 Quare
305 2862 374 2908 non
406 2851 457 2908 est
494 2839 566 2906 veri
597 2837 774 2924 dissimile,
813 2863 918 2910 unam
951 2841 1163 2933 epigramma
1196 2866 1261 2934 per

151 2944 255 3011 ambo
280 2943 388 3011 latera
414 2941 609 3031 continuari,
635 2963 724 3031 qaae
744 2940 918 3012 Wctckeri
939 2945 1056 3034 opinio
1081 2945 1158 3014 tuit
1186 2945 1261 3014 Sed

150 3044 565 3115 tamen‘inconsideratins
591 3050 768 3127 statueret,
795 3046 915 3139 quiid
940 3068 1005 3138 pro
1032 3055 1125 3115 certo
1150 3047 1259 3116 habe·

150 3160 222 3237 ret,
255 3172 384 3240 neque,
417 3171 523 3238 qnam
549 3156 584 3218 et
607 3148 792 3216 litterarum
824 3150 955 3218 formae
980 3147 1131 3217 nonnihit
1157 3148 1259 3218 diffe-

150 3262 246 3339 rant,
278 3275 391 3343 neque
429 3252 563 3322 alterius
598 3252 711 3320 lateris
741 3250 870 3321 initium
909 3250 955 3320 ad
995 3251 1121 3342 aliquid
1166 3252 1260 3343 quod
1332 3339 1335 3343 ⁸

149 3379 392 3449 praegressum
416 3356 458 3424 sit
489 3354 672 3438 referatur,
705 3364 841 3446 pataret
867 3356 969 3425 etiam
1002 3356 1036 3424 in
1062 3357 1186 3425 utrovis
1211 3358 1259 3423 la-

151 3470 223 3528 tere
245 3468 434 3552 separatam
457 3459 502 3528 ab
521 3459 626 3528 altera
646 3480 748 3552 posse
767 3458 1019 3552 inscriptionem
1036 3461 1259 3552 perscriptam
1346 3539 1352 3553 Ι

152 3587 234 3632 esse.
269 3564 441 3649 Quocirca
466 3584 573 3651 quum
597 3563 631 3631 in
656 3571 729 3630 arte
753 3564 868 3632 critica
886 3584 1022 3655 semper
1046 3564 1091 3631 ab
1118 3585 1159 3633 eo
1173 3585 1257 3655 pro-

151 3666 371 3734 ficiscendum
401 3667 453 3752 sit,
477 3664 573 3755 quod
600 3673 730 3735 certum
748 3675 800 3736 est
825 3666 919 3736 etin
944 3688 1013 3755 qno
1039 3666 1135 3734 utin
1158 3665 1257 3734 firmo

151 3769 372 3838 fundamento
397 3770 476 3836 licet
502 3768 699 3856 consistere,
730 3769 858 3838 initium
884 3769 1055 3864 capiamus
1082 3769 1126 3835 ab
1152 3767 1259 3836 altera

150 3883 249 3966 parte
283 3871 522 3965 inscriptionis,
557 3895 645 3961 qnae
677 3872 756 3942 satis
784 3874 980 3964 incorrupta
1015 3879 1074 3940 est
1127 3869 1257 3940 Ponam

150 3984 264 4045 autem
284 3975 391 4046 verba
414 3973 602 4063 Welckeri,
635 3973 680 4043 ad
704 3997 881 4063 numeros,
909 3996 995 4065 quos
1019 3975 1077 4044 ille
1100 3997 1257 4044 versuum

150 4082 376 4149 metricorumw
398 4078 591 4170 adscripsit,
627 4078 764 4147 adiectis
797 4078 943 4147 numeris
970 4100 1055 4167 qnos
1083 4079 1174 4146 uncis
1200 4103 1256 4148 se—

150 4184 469 4276 paraviversuum,
490 4182 548 4271 qui
573 4182 707 4274 inipso
732 4182 847 4276 lapide
873 4182 1132 4274 conspiciuntur.

1359 2972 1398 2999 q

262 4286 299 4354 V·
321 4285 360 4359 9.
386 4285 439 4377 (l.
467 4282 541 4376 2.)
573 4285 765 4384 Mostene,
794 4283 970 4359 Macedo.
999 4283 1126 4378 Steph.
1155 4281 1197 4350 B.
1224 4306 1254 4351 c.
1325 4257 1329 4264 ⁵
1359 4270 1360 4275 ἵ

149 4400 221 4464 not.
254 4389 416 4483 Hesych.
443 4385 512 4458 Sil.
540 4387 632 4479 Xlll.
660 4386 749 4458 8⁶58:
774 4381 1009 4485 Ἐπιχώριοφ,
1033 4407 1142 4481 quum
1158 4384 1256 4454 scri.
