2842 4920
184 1372 273 1459 uu
321 1368 757 1503 naumurum
804 1365 1288 1456 recensuere

551 1513 911 1644 somnos)

623 1817 831 1830 —nu—-u—-O

151 2006 275 2141 3Qui
300 2045 454 2114 eximiam
484 2068 625 2139 operam
656 2046 908 2140 epigrammatis
939 2043 1150 2141 Graecorum
1177 2044 1289 2137 expli-

186 2148 303 2216 candis
321 2147 502 2238 impendit,
529 2151 587 2222 Fr.
604 2150 793 2234 lacobsius,
820 2151 864 2216 ab
881 2167 923 2215 co
940 2146 1092 2215 dolemus
1107 2171 1210 2216 unum
1226 2171 1290 2216 ne-

184 2251 333 2343 glectum
354 2273 427 2319 esse
441 2251 475 2318 in
491 2252 608 2341 primis
622 2251 842 2320 memorabile
859 2250 1083 2341 epigramma,
1111 2251 1206 2337 quod
1220 2252 1297 2319 Ar·'

185 2352 334 2421 chimedi
360 2352 521 2423 tributum
544 2355 672 2447 primus
699 2377 719 2422 e
748 2353 867 2423 codice
891 2352 1161 2442 Guelferbytano
1184 2353 1291 2422 edidit

184 2456 381 2547 Lessingius
394 2457 429 2524 in
443 2458 598 2547 symbola
611 2457 759 2526 secunda
773 2455 819 2535 ad
834 2455 1009 2524 historiam
1022 2464 1056 2524 et
1069 2456 1291 2554 litteraturam

184 2584 219 2651 p.
233 2557 319 2626 423.
335 2574 430 2648 seqq.
454 2559 523 2628 sive
541 2559 696 2653 Operum
711 2561 777 2628 vol.
795 2558 886 2627 xlv.
901 2581 937 2648 p.
952 2556 1038 2626 232.
1056 2582 1150 2648 seqq.
1168 2559 1290 2627 iterum

185 2670 298 2730 autem
312 2664 491 2754 vulgarunt
504 2674 580 2731 ante
594 2664 656 2732 hos
666 2663 740 2730 Vll.
754 2685 858 2730 annos
869 2662 1003 2750 strunt,
1030 2671 1127 2753 pater
1141 2671 1175 2729 et
1189 2661 1288 2751 lilius,

184 2765 350 2848 Altonae,
394 2768 638 2835 commentariis
672 2767 880 2836 instructum.
940 2764 1073 2831 Horum
1106 2774 1195 2832 tanta
1226 2765 1291 2834 luit

185 2867 336 2953 lascivia,
362 2873 400 2934 ut
420 2890 488 2936 uon
501 2871 610 2938 solum
631 2869 849 2960 contemptim
863 2867 907 2936 de
930 2889 972 2934 eo
989 2868 1164 2951 sentirent,
1192 2869 1290 2937 abiu-

187 2970 404 3059 dicarentquc
419 2970 462 3038 ab
472 2972 703 3058 Archimede,
730 2971 789 3039 sed
804 2971 903 3038 etiarn
918 2971 1057 3037 alteram
1072 2973 1141 3038 eius
1156 2981 1290 3061 partem

40 3120 45 3132 ·
187 3075 232 3142 ah
248 3074 393 3141 obscuro
409 3077 558 3173 quodam
578 3076 716 3144 homine
732 3073 776 3140 ad
793 3072 1016 3141 ludificandos
1036 3074 1288 3142 mathematicos

188 3177 409 3267 compositam
433 3181 666 3247 existimarent.
725 3177 890 3245 Nimirum
911 3176 958 3243 illi
979 3199 1072 3243 more
1096 3177 1289 3263 multorum,

72 3367 77 3375 ¹
188 3279 246 3369 qui
260 3279 459 3366 antiquitatis
475 3283 678 3349 monimenta
691 3287 843 3363 tractant,
869 3278 1060 3370 vituperare
1075 3287 1109 3346 et
1122 3288 1160 3347 ut
1173 3281 1289 3372 inepta

108 3404 109 3411 ¹
186 3381 326 3449 reiicere
340 3403 427 3469 quae
440 3384 521 3475 ipsis
534 3384 720 3452 molestiam
735 3390 896 3466 crearent,
924 3390 1193 3471 quamaccurate
1206 3406 1288 3474 per-

186 3483 353 3575 vestigare
366 3485 565 3559 malueruut.
603 3486 708 3578 Fugit
726 3507 785 3552 eos
802 3483 915 3552 nobile
930 3484 1024 3576 apud
1038 3492 1167 3553 vetere‘s
1185 3487 1288 3554 fuisse

186 3586 398 3655 Archimedis
428 3583 623 3686 πρόβλημα
649 3581 816 3681 flueretis,
856 3586 949 3676 quod
977 3595 1027 3654 est
1057 3587 1141 3654 illud
1166 3588 1288 3679 ipsum,

188 3691 280 3758 cuius
293 3691 377 3758 ratio
397 3693 582 3760 continetur
599 3693 663 3760 isto
677 3691 930 3783 epigrammate.
967 3689 1108 3757 Testem
1122 3691 1288 3772 habemus

190 3792 401 3860 scholiastam
429 3796 576 3864 Platonis
603 3795 649 3863 ad
680 3793 898 3862 Charmidem
923 3816 960 3883 p.
988 3790 1075 3860 324.
1118 3793 1204 3884 (sl.
1233 3794 1287 3863 ed.

188 3893 604 4022 Ruhnk,)quisicscribit.
623 3889 831 3991 λογιστικη
815 3922 890 3968 εστι
883 3892 1036 3988 dempto
1045 3892 1289 4017 τωναριθμη

188 3996 272 4080 τῶν,
288 3993 486 4087 edgida*
433 4029 506 4075 son
519 3999 693 4101 ἀριθμῶν
708 3991 1019 4095 μεταχειριστική,
1037 3993 1081 4071 ου’
1094 3992 1161 4073 τόν
1178 3998 1290 4080 dacor

272 4299 302 4386 *)
325 4301 411 4365 Edita
427 4310 472 4363 est
492 4323 519 4364 a.
542 4306 634 4370 1828.
