2842 4920
438 349 781 416 nin.11.-cls.1.
803 354 834 417 a
944 445 947 450 .
1153 356 1197 420 so

85 541 258 613 consilium
275 538 446 628 facientis,
472 562 541 608 non
562 538 680 624 etiam,
708 564 751 608 an
766 549 964 611 eventurum
978 541 1021 610 sit
1034 543 1128 633 quod
1139 545 1196 615 ille

83 648 163 732 vult,
189 645 339 712 indicare
356 643 462 728 voles,
482 644 636 712 omnibus
653 646 860 735 temporibus
880 646 1065 738 adiungere
1082 649 1197 716 licebit

84 750 273 842 optativum
289 744 383 826 ὅπως
397 747 557 839 ye'vocro:
584 748 634 814 sin
649 769 733 815 vcro
750 748 793 816 de
810 757 931 816 eventu
947 749 1111 840 loqueris,
1138 754 1196 842 qni

83 855 148 921 iam
167 861 219 920 est
233 850 395 938 effectus,
421 872 533 938 neque
548 850 671 942 respici
684 850 734 918 vis
747 851 831 919 illud
843 861 994 944 tempus,
1022 875 1091 944 quo
1108 877 1196 924 non-

84 957 165 1024 dum
196 955 325 1042 evenit,
358 954 546 1021 necessario
574 953 666 1022 dices
695 953 884 1051 ἐποίησεν,
917 952 1011 1035 ὅπως
1038 959 1194 1050 γένοιτο,

84 1058 258 1127 consilinm
271 1056 379 1124 solum
398 1057 599 1148 significans.
650 1058 740 1124 Nam
764 1058 792 1125 si
816 1055 910 1137 ὅπως
931 1058 1079 1155 γένηται
1099 1060 1195 1129 dice-

83 1187 146 1249 res,
174 1169 233 1228 aut
251 1158 527 1246 falsnm'diceres‚
558 1161 584 1227 si
598 1173 744 1251 tempus,
770 1183 839 1250 quo
852 1160 1011 1249 loqueris,
1036 1163 1070 1230 in
1083 1173 1196 1232 mente
1314 1218 1316 1222 .

84 1266 247 1334 haberes:
273 1282 343 1330 non
369 1263 458 1330 enim
481 1264 625 1354 amplius
646 1264 777 1332 futurus
798 1272 848 1332 est
865 1273 1020 1352 eventus,
1047 1266 1109 1334 sed
1127 1267 1195 1335 iam

84 1367 273 1461 praeteriit:
301 1372 359 1432 aut
378 1365 566 1456 respiceres
582 1377 717 1458 tempus
731 1366 831 1451 illud,
859 1390 929 1456 quo
944 1368 1094 1438 nondum
1113 1393 1195 1440 eve-

86 1480 196 1541 nerat:
224 1467 319 1559 qnod
334 1477 369 1536 te
380 1470 472 1537 nolle
488 1471 659 1563 respicere
675 1471 884 1564 sumpsimus.
982 1536 984 1539 ,

614 1675 660 1743 ll.

293 1824 361 1896 Dc
386 1825 684 1896 coniunctivo
702 1849 794 1921 pro
808 1825 987 1921 sutoro.

170 1977 440 2075 ,Explicabimus
456 1981 568 2072 primo
583 1979 627 2049 de
643 1981 864 2049 coniunctivo.
916 1981 985 2066 Qui
998 1980 1119 2050 modus
1134 1984 1196 2051 etsi

87 2080 179 2174 apud
196 2084 439 2173 antiquissimos
453 2085 498 2152 ita
512 2107 578 2176 pro
597 2085 711 2153 futuro
729 2093 907 2176 usurpatus
922 2094 983 2170 est,
1008 2092 1056 2169 ut,
1082 2086 1110 2153 si
1122 2087 1195 2176 quis

86 2185 178 2255 verbi
201 2185 325 2255 Graeci
347 2197 499 2255 naturam
522 2190 708 2257 accuratius
726 2188 932 2275 consideret,
960 2186 1113 2258 dubitare
1128 2212 1197 2258 non

86 2290 205 2382 possit,
233 2291 313 2379 quin
327 2293 421 2382 prior
440 2291 553 2358 futuro
575 2293 750 2379 exstiterit,
776 2291 880 2381 idque
900 2314 942 2359 ex
960 2291 1037 2383 ipso
1059 2292 1197 2361 demum

86 2393 249 2484 originem
269 2396 420 2462 traxerit:
445 2404 559 2462 tamen
576 2405 695 2463 natura
716 2418 776 2462 sua
794 2393 894 2463 valde
908 2419 929 2462 a
950 2391 1064 2463 futuro
1081 2394 1196 2464 diver-

86 2518 138 2563 sus
153 2505 223 2582 est,
249 2519 360 2585 neque
381 2521 485 2586 quum
506 2520 572 2588 pro
590 2520 632 2565 eo
645 2499 773 2590 positus
795 2496 934 2582 dicitur,
960 2496 997 2564 id
1015 2498 1062 2565 sic
1077 2507 1129 2565 est
1142 2499 1196 2565 in-

85 2598 321 2691 telligendum,
347 2603 429 2669 acsi
445 2600 619 2687 eamdem,
644 2624 746 2691 quam
760 2601 928 2686 futurum,
953 2600 1023 2667 uim
1036 2623 1077 2667 ac
1093 2610 1196 2692 pote-

86 2713 203 2770 statem
216 2702 368 2774 haberet.
419 2701 642 2796 Repugnaret
659 2705 763 2791 eninr,
788 2705 823 2771 in
838 2703 960 2791 modo,
988 2704 1046 2792 qui
1062 2713 1197 2774 nonest

70 2805 298 2892 indicativus,
323 2805 384 2874 sed
403 2807 582 2875 indicativo
597 2809 790 2900 oppositus,
817 2806 973 2877 eamdem
988 2808 1057 2876 vim
1077 2809 1196 2895 inesse,

86 2917 242 2998 quaeest
263 2910 299 2977 in
320 2909 519 2998 indicativo,
550 2912 715 3001 siquidem
736 2911 886 2979 futurum
904 2919 1022 3002 aperte
1039 2919 1090 2979 est
1105 2911 1196 2977 indi-

86 3013 221 3080 cativus.
264 3011 504 3081 Coniunctivus
516 3014 620 3104 igitur
636 3036 678 3081 eo
694 3013 809 3081 differt
824 3014 867 3080 ab
886 3014 1064 3081 indicativo
1080 3011 1199 3100 futuri,

86 3114 179 3204 quod
193 3138 263 3183 non
283 3125 396 3206 potest
412 3139 526 3207 perse
548 3117 636 3184 solus
650 3115 812 3207 intelligi,
839 3114 918 3195 sed,
943 3124 981 3181 ut
999 3116 1112 3205 ipsum
1131 3134 1196 3182 no-

84 3240 163 3286 men
182 3209 329 3308 indicat,
364 3219 499 3287 aliunde
527 3220 679 3311 pendere
706 3218 819 3286 debet
871 3216 913 3284 ld
937 3224 1070 3304 antem,
1103 3210 1203 3286 nude
1332 3210 1335 3217 ’

84 3321 223 3412 pendet,
245 3344 350 3411 quum
363 3323 565 3414 plerumque
578 3323 730 3391 additum
745 3321 940 3406 inveniatur,
964 3329 1077 3388 tamen
1091 3343 1196 3412 saepe

86 3425 186 3492 etiam
210 3426 387 3513 omittitur,
414 3427 494 3514 qnia
516 3449 619 3519 saepe
644 3428 793 3518 positum
812 3434 863 3492 est
883 3425 917 3491 in
933 3424 1080 3493 obscura
1096 3425 1195 3517 cogi-

85 3528 211 3596 tatione
232 3529 379 3597 incertae
402 3530 538 3597 alicuius
556 3553 711 3618 caussae,
738 3551 780 3596 ex
800 3527 965 3620 quaquid
981 3527 1195 3619 proditurum

85 3631 135 3698 sit.
155 3701 159 3711 ,
187 3631 289 3720 Isque
307 3641 446 3721 est-usus
464 3634 665 3701 coniunctivi
679 3631 926 3716 deliberativus‚
952 3638 989 3697 ut
1003 3654 1105 3720 quum
1120 3631 1195 3720 quis

86 3733 168 3801 dicit
182 3735 224 3805 ἴω
232 3788 247 3823 ,
270 3734 365 3824 quod
387 3744 452 3821 est,
479 3735 506 3804 si
525 3737 626 3827 plene
646 3735 758 3804 dicere
773 3734 942 3820 volemus,
969 3728 1195 3829 α’μφιςβητῶ,

87 3839 118 3908 εἰ
131 3839 187 3908 ios·
238 3840 330 3929 Apte
345 3840 533 3929 comparari
545 3848 657 3930 potest
673 3838 800 3929 duplex
813 3836 945 3921 modus,
966 3856 1035 3926 quo
1049 3836 1087 3904 id
1102 3830 1196 3905 Gerss

85 3940 176 4007 mani
191 3939 343 4029 dicimus,
370 3942 454 4009 alter
473 3965 551 4011 cum
567 3942 688 4010 eudem
701 3941 829 4032 ellipsi,
855 3963 923 4030 qua
938 3937 1073 4026 Graeci,
1098 3940 1195 4033 gelre
1233 3926 1243 3945 Χ

85 4041 171 4127 ich,
199 4044 284 4112 alter
303 4054 437 4114 servata
459 4046 639 4137 particula,
666 4053 700 4115 et
720 4043 826 4112 verbo
838 4053 967 4111 tantum
980 4044 1121 4131 omisso,
1150 4043 1195 4113 ob

85 4144 146 4214 ich
161 4148 268 4239 gelae.
320 4149 373 4219 Ac
392 4149 560 4218 veterrimi
580 4148 737 4238 Graeci,
748 4144 899 4214 nondum
917 4156 1054 4238 reperto
1068 4146 1194 4231 futuro,

86 4250 245 4338 qnoniam
268 4249 436 4341 quidquid
458 4253 609 4320 futurum
629 4261 697 4338 est,
722 4250 886 4318 incertum
913 4259 982 4337 est,
1009 4251 1194 4341 quaerique

12 4403 15 4410 .
87 4351 132 4421 de
160 4377 203 4422 eo
228 4364 332 4447 atquc
352 4354 483 4449 ambigi
506 4364 638 4450 potest,
670 4361 909 4435 eventurumnc
932 4354 974 4421 sit
997 4375 1040 4422 an
1060 4375 1128 4420 non
1153 4353 1200 4421 sit
