2842 4920
166 361 231 424 wo
441 351 958 415 DEHYPERBOLE

169 551 272 618 uerba
296 546 429 615 suntin
454 545 604 614 oratione
630 552 747 612 contra
770 546 1012 614 Aristocratem
1040 568 1076 638 p.
1102 543 1191 635 641,
1204 526 1274 622 ²8.

169 655 283 725 τοῦτο
298 647 415 744 μόνον
431 676 475 721 ao
469 641 725 744 δικαστήριον
740 644 820 738 οὐχὶ
834 641 1021 742 τύραννος,
1049 676 1114 722 oon
1125 645 1277 744 olryap

123 835 127 842 ,
170 757 246 847 χία,
274 781 317 827 ov
310 751 558 874 δημοκρατία
573 745 638 830 ταῖς
653 745 802 844 φονικαῖς
817 750 916 831 δίκας
928 747 1133 846 αφελέσθαι
1147 747 1274 826 τετόλ-

51 946 54 951 ,
169 885 304 956 pqssv,
332 848 572 933 attonsurae
590 849 919 949 ασθενεστεροναν
933 849 1276 978 τοδικαιοαεαρειν

169 958 342 1057 ηγοῦαται
360 957 443 1055 περὶ
467 950 609 1028 τούτων
625 952 732 1028 αὐτοὶ
752 959 823 1029 τοῦ
841 983 941 1053 παρα
956 951 1103 1038 τούτοις
1117 956 1276 1056 εὑρημέ-

170 1090 235 1136 νου
251 1059 403 1135 δικαίου.
454 1060 519 1128 Vix
534 1058 694 1128 credibile
710 1058 881 1145 videatur,
904 1061 1018 1151 sperni
1032 1069 1102 1128 tam
1116 1061 1276 1154 locuple-

169 1178 238 1235 tem
264 1175 384 1233 testem
408 1164 565 1255 potuisse.
618 1163 751 1230 Tamen
781 1163 993 1231 factumest.
1045 1165 1135 1232 Nam
1167 1187 1275 1255 quum

169 1269 322 1360 'l'ayloro
344 1278 481 1335 auctore
511 1266 674 1351 creditum
701 1275 807 1352 esset,
842 1268 943 1335 etiam
974 1265 1019 1334 de
1053 1268 1160 1335 caede
1184 1268 1284 1335 iudi-‘-

170 1371 268 1441 candi
292 1379 494 1465 potestatem
524 1369 720 1460 ademptam
754 1392 828 1438 esse
859 1371 1066 1463 Areopago,
1100 1361 1275 1463 repellen-

170 1476 233 1544 dus
252 1499 324 1544 esse
337 1475 426 1542 visus
443 1482 509 1560 est,
536 1474 593 1562 qui
616 1473 818 1541 contrarium
842 1474 1043 1558 affirmaret,
1065 1474 1274 1545 Demosthe-

169 1603 247 1665 nes,
286 1589 458 1667 tamquam
489 1577 546 1666 qui
571 1599 644 1646 rem
669 1585 908 1669 exaggerasset
934 1575 1074 1644 ornandi
1097 1577 1276 1671 Areopagi

170 1706 295 1751 caussa.
350 1680 456 1766 Quod
478 1702 544 1747 non
568 1679 795 1770 eratprovide
816 1682 1127 1772 circumspecteque
1142 1681 1272 1750 iudica-

169 1797 257 1854 tum.
291 1783 352 1853 sed
373 1784 501 1851 dictum
521 1785 625 1851 semel
642 1784 889 1874 repetitumque
911 1784 954 1851 ab
980 1783 1070 1872 aliis,
1097 1783 1275 1853 defensum

169 1900 238 1977 est,
274 1890 342 1956 sire
365 1886 459 1977 quod
482 1909 599 1954 verum
629 1909 701 1954 esse
721 1887 916 1956 crederetur
925 1888 1049 1979 ‚sive,
1081 1894 1120 1953 ut
1142 1887 1199 1975 fit,
1231 1911 1274 1958 ne

167 1994 337 2086 prolatum
354 1991 523 2060 videretur
537 1990 631 2081 quod
646 1989 767 2058 falsum
789 2001 884 2060 esset
937 1992 985 2059 At
1001 1991 1198 2112 priusquam
1217 2015 1274 2059 ar-

129 2172 138 2182 ,
167 2105 350 2189 gumenta,
383 2117 472 2184 quae
495 2093 773 2163 communiendae
794 2096 841 2162 illi
863 2095 1012 2186 opinioni
1032 2103 1163 2182 essent,
1190 2117 1280 2162 con-¹

168 2201 393 2287 quirereutur‚
426 2197 610 2265 videndum
631 2208 718 2283 erat,
751 2221 794 2266 ne
819 2198 1013 2289 repudiatus
1035 2205 1122 2265 esset
1142 2197 1278 2268 Demo·

167 2302 301 2370 sthenes
329 2298 615 2368 inconsideratius.
667 2301 756 2368 Nam
781 2301 862 2390 quid
886 2310 936 2370 est
958 2300 1095 2395 tandem
1120 2323 1280 2394 exagge·

136 2433 138 2437 ·
167 2405 278 2473 ratio?
295 2404 514 2496 *Exaggerari
539 2403 677 2494 quidem
701 2426 769 2472 non
786 2414 916 2498 potest,
942 2403 1038 2494 quod
1052 2404 1182 2473 nullum
1204 2415 1272 2473 est:

167 2510 247 2601 quia
278 2530 366 2598 quae
393 2529 461 2577 non
488 2516 582 2594 sunt,
614 2530 726 2598 neque
757 2511 876 2600 augeri
900 2516 1043 2601 possunt
1069 2531 1133 2575 nec
1157 2510 1272 2583 minui.

167 2614 283 2698 Quare
309 2613 337 2680 si
365 2611 514 2703 quodam
534 2620 690 2704 tempore
719 2634 786 2680 non
812 2612 1158 2704 habuit‘potestatem
1181 2612 1273 2680 illam

160 2718 380 2808 ‚Areopagus
406 2715 579 2803 quomodo
595 2738 659 2806 per
671 2717 966 2807 exaggerationem
978 2715 1044 2782 dici
1057 2715 1172 2806 potuit·
1179 2716 1272 2784 nullo

166 2831 320 2910 tempore
342 2840 410 2886 non
431 2817 614 2886 habuisse?
640 2819 762 2908 Neque
778 2841 859 2887 vero
882 2828 931 2887 est
953 2819 1158 2888 extenuatio:
1185 2842 1272 2909 quae

68 2990 71 3001 ,
168 2923 388 3015 exaggeratio
411 2931 462 2990 est
483 2921 679 3014 exiguitatis.
732 2923 787 2989 Ea
807 2921 944 3012 quidem
968 2945 1074 3013 quum
1095 2944 1201 3014 saepe
1227 2924 1272 2991 ita

117 3058 121 3064 ·
166 3029 242 3115 liat,
268 3035 306 3095 ut
318 3025 412 3117 quod
427 3048 549 3118 parum
564 3035 614 3093 est
632 3025 688 3094 vel
700 3024 783 3093 nihil
799 3049 872 3112 esse
889 3027 942 3094 vel
955 3049 1024 3094 non
1042 3048 1117 3094 esse
1132 3026 1276 3112 dicatum·

166 3131 272 3199 videri
288 3139 404 3222 posset
421 3129 669 3198 Demosthenes
684 3152 755 3197 rem
770 3136 981 3215 extenuasse,
1008 3128 1036 3197 si
1053 3138 1087 3197 et
1111 3127 1277 3220 adempta·

80 3298 85 3304 .
166 3236 222 3302 illa
239 3234 365 3303 iudicia
386 3233 572 3325 Areopago
592 3256 655 3324 per
678 3232 782 3300 breve
803 3242 937 3323 tempus
956 3233 1114 3318 fuissent,
1142 3234 1272 3325 etipse

168 3346 256 3405 esset
274 3337 369 3405 aliter
387 3337 556 3426 loquutus.
609 3336 656 3403 At
671 3358 794 3404 novem
813 3336 943 3405 circiter
958 3332 1184 3429 Olympiades
1203 3358 1271 3403 non

168 3464 241 3509 csse
260 3442 293 3507 in
316 3440 500 3532 Areopago
518 3439 562 3506 de
585 3439 690 3506 caede
708 3438 890 3507 iudicatum
906 3439 1039 3507 volunt:
1062 3437 1270 3508 Demosthe-

167 3569 226 3613 nes
245 3553 356 3611 autem
375 3542 497 3611 diserte
512 3543 605 3610 nullo
620 3545 655 3611 iu
670 3550 757 3610 statu
769 3544 818 3612 rei
837 3544 995 3636 publicae
1010 3542 1198 3610 intermissa
1214 3542 1271 3609 illa

68 3699 72 3705 .
116 3638 165 3707 18
173 3648 295 3716 iudicia
317 3670 389 3716 esse
415 3647 469 3732 ait,
503 3654 604 3737 atque
629 3670 672 3715 ne
696 3669 813 3714 ausum
841 3646 980 3737 quidem
1002 3668 1166 3736 umquam
1196 3660 1284 3713 esse

164 3775 368 3845 quemquam
383 3751 465 3818 illud
480 3751 662 3819 institutum
683 3760 823 3818 mutare.
875 3751 972 3842 Ergo
987 3762 1098 3840 neque
1117 3770 1270 3841 exagge-

164 3856 248 3923 ravit
272 3877 383 3945 neque
406 3854 613 3943 extenuavit,
641 3853 701 3922 sed
724 3854 879 3922 mentitus
899 3863 968 3941 est,
995 3863 1030 3922 et
1047 3851 1185 3943 quidem
1200 3873 1270 3920 non

165 3958 273 4025 solum
289 3958 595 4051 impudentissime,
623 3980 726 4047 quum
751 3980 888 4041 omnes,
910 3959 968 4047 qui
989 3980 1064 4026 eam
1084 3956 1270 4024 orationem

165 4060 363 4147 audiebant,
391 4062 482 4130 falsa.
495 4061 560 4128 dici
578 4062 718 4147 scirent,
745 4061 806 4128 sed
831 4049 937 4128 otiam¹
956 4060 1165 4148 stultissime,
1191 4059 1271 4147 quia

167 4186 208 4231 eo
225 4163 400 4231 mendacio
419 4188 554 4233 caussae
574 4166 640 4252 illi,
665 4164 783 4254 inqua
805 4163 1066 4232 demonstranda
1081 4168 1150 4229 tam
1166 4184 1269 4230 accu-

163 4277 234 4336 rate
251 4268 451 4353 elaboravit,
479 4277 596 4358 aperte
612 4269 797 4353 nocuisset,
824 4268 915 4334 nulla
933 4265 1132 4360 praesertim
1146 4288 1268 4333 neces-

65 4394 67 4398 ·
147 4372 258 4440 'sitate
283 4380 319 4440 ut
338 4371 400 4439 ista
421 4370 549 4439 diceret
566 4380 718 4463 urgente.
773 4370 1033 4441 Credant‘lraec
1055 4369 1115 4459 qui
1134 4369 1268 4438 volent:
