2842 4920
176 386 240 449 aas
427 377 718 439 rncnunnmvn
740 378 853 439 essen
875 378 1027 444 rnmvs.
1145 336 1148 347 ’

151 571 343 645 tlconiectn
358 569 562 662 corriperem
572 569 806 676 procudisse.
858 566 994 639 Scilicet
1011 593 1066 640 me
1081 573 1280 663 procudisse

177 675 288 743 innuit
342 672 471 744 Omitto
486 694 575 741 nunc
591 670 748 761 quidem,
775 693 862 761 quae
880 672 986 741 multa
1006 672 1152 744 dicenda
1164 675 1279 747 habco

178 777 312 863 dehis,
345 798 433 866 qnae
454 775 508 844 vel
532 774 648 842 laudat
664 775 698 842 in
722 774 873 867 Reisigio
896 777 951 844 vel
972 775 1157 847 condonat:
1195 780 1279 850 illud

176 903 281 950 uuum
293 878 503 961 monstrabo,
528 877 619 947 uude
635 886 705 945 tam
722 887 815 946 certo
830 878 931 963 sciat,
958 879 1051 969 quod
1069 905 1106 951 se
1121 880 1206 950 scire
1224 882 1278 952 di-

177 984 232 1052 cit.
284 982 518 1072 Quamquam,
545 982 645 1050 etiarn
661 981 688 1048 ri
709 989 876 1068 tacerem„
907 1004 1009 1051 nemo
1024 982 1060 1051 id
1082 983 1200 1052 credet
1215 1009 1278 1055 oo-

175 1109 268 1174 mm‚
294 1087 352 1175 qui
367 1084 554 1177 Reisigium
576 1085 749 1177 cognitum
764 1082 964 1159 habuerunt.
1017 1087 1096 1155 Non
1118 1089 1206 1156 enim
1221 1089 1279 1158 ille

176 1190 237 1259 sihi
260 1211 281 1256 a
303 1210 475 1279 quoquam
497 1208 616 1279 pessus
640 1193 727 1256 esset
745 1187 813 1255 tela
837 1187 1000 1280 procudi,
1026 1190 1147 1279 quihus
1169 1191 1277 1260 fabri-

177 1291 291 1363 candis
304 1292 378 1385 ipse
391 1290 437 1359 ita
449 1290 637 1377 sufficeret,
664 1298 701 1356 ut
718 1289 852 1358 aliunde
872 1292 1020 1384 acceptis
1037 1292 1086 1361 uti
1100 1304 1201 1386 turpe
1215 1295 1279 1363 sibi

176 1395 332 1464 duxisset.
383 1393 456 1463 Sed
474 1393 565 1462 unde
589 1393 651 1461 scit
674 1391 758 1460 illud
781 1391 1010 1463 Schaeferus?
1051 1396 1186 1489 Nempe
1203 1398 1279 1490 ipse

174 1498 308 1567 invenit.
361 1497 450 1565 Nam
472 1520 527 1564 res
551 1497 596 1564 ita
617 1519 656 1564 se
677 1495 804 1569 habuit.
855 1496 1043 1590 Reisigius‚
1068 1500 1128 1589 qui
1152 1510 1224 1569 tum
1244 1501 1279 1569 in

174 1600 395 1669 Vniversitate
418 1608 532 1669 nostra
555 1599 741 1668 litterarum
763 1597 929 1670 studiosus
955 1610 1045 1692 erat,
1079 1625 1158 1671 curn
1180 1627 1278 1673 com·

174 1704 323 1773 militone
343 1701 493 1794 quodam
514 1725 594 1791 suo,
624 1725 713 1771 nuuc
729 1702 912 1773 clarissimo
935 1704 1025 1793 viro,
1051 1706 1148 1795 quod
1167 1728 1278 1799 pecu-

173 1808 228 1876 nia
247 1807 453 1899 indigerent,
484 1807 607 1875 librum
637 1807 784 1897 aliquem
808 1806 911 1876 edere
937 1807 1113 1877 constituit
1181 1809 1277 1879 Con-

174 1934 297 1979 venere
318 1910 363 1978 de
386 1908 620 2002 Xenophontis
645 1908 896 1998 Oeconomico,
929 1912 1111 2003 partitique
1130 1913 1219 1981 iuter
1240 1937 1277 1983 se

174 2023 251 2083 snut
280 2035 430 2105 operam.
488 2013 644 2082 Iuvenilis
672 2012 822 2100 lascivia,
849 2012 893 2082 ab
915 2014 1128 2084 insolentiore
1149 2039 1278 2109 genere

174 2115 343 2185 scribendi
363 2116 688 2185 commendationem
711 2116 799 2185 libro
820 2139 1028 2186 accessuram
1047 2127 1139 2203 rata,
1175 2121 1277 2188 suasit

175 2228 210 2288 et
230 2219 369 2287 laudare
397 2218 562 2308 quosdam
584 2217 711 2303 effuse,
742 2227 777 2285 et
800 2217 1018 2289 vehementer
1041 2222 1122 2290 ahos
1142 2220 1276 2315 vitupe-

173 2344 259 2390 rare.
310 2321 429 2411 ltaque
441 2343 497 2389 me
510 2321 576 2407 illi,
603 2322 802 2414 magistrum
818 2344 932 2410 suum,
961 2325 1149 2416 praeconiis
1165 2327 1275 2394 extol-

173 2426 263 2512 lere,
288 2432 380 2493 tento
404 2424 511 2493 acrius
533 2408 674 2515 carpere
694 2425 786 2493 alios.
850 2426 1016 2496 Absolnto
1042 2451 1148 2520 opere
1171 2452 1275 2522 prae-

172 2528 332 2597 fationem
353 2526 486 2620 scripsit
499 2525 687 2618 Reisigius,
714 2536 849 2619 sumpto
871 2531 1004 2598 nomine
1021 2530 1185 2599 Guilelmi
1199 2532 1274 2600 Ku-

172 2632 261 2719 steri,
290 2632 411 2720 inqua
432 2655 469 2699 se
489 2631 570 2699 olim
590 2632 725 2698 militem
748 2631 851 2701 fuisse
872 2634 1023 2725 scripsit,
1051 2634 1146 2702 illum
1162 2644 1274 2704 autem

172 2737 317 2803 amicum
330 2756 427 2802 soum
448 2734 557 2822 (tanta
576 2733 640 2800 fuit
653 2735 853 2826 petulantia)
878 2735 912 2804 iu
927 2759 1060 2804 servum
1077 2760 1174 2805 suum
1191 2761 1274 2806 con-

171 2839 279 2905 vertit
336 2836 496 2925 Librum,
537 2836 737 2927 simulatque
758 2838 791 2904 in
816 2839 926 2906 lucem
948 2840 1139 2930 prodierat,
1177 2862 1274 2910 usur-

170 2941 265 3033 pavit
278 2939 550 3025 Bomemaunus‚
580 2962 668 3007 nunc
684 2939 821 3009 scholae
834 2942 982 3010 Afranae
1001 2944 1193 3034 professor,
1216 2945 1273 3034 qui

171 3045 239 3112 iarn
266 3052 338 3112 tum
357 3043 391 3110 iu
411 3041 657 3134 Xenophonte,
685 3043 729 3111 de
746 3067 815 3133 quo
833 3055 954 3137 postes
971 3047 1147 3137 praeclare
1168 3046 1273 3115 meri-

171 3157 223 3216 tus
245 3155 312 3231 est,
339 3167 479 3238 operam
501 3146 669 3237 posuisset
691 3169 795 3214 suam
855 3147 888 3216 ls
909 3171 965 3216 me
986 3172 1089 3238 quum
1112 3149 1201 3218 forte
1221 3151 1273 3218 vi·

172 3274 245 3320 sum
259 3250 420 3336 venisset,
447 3248 530 3316 mira
545 3248 701 3317 namabat
719 3249 762 3317 de
778 3247 1026 3338 Oeconomico,
1053 3275 1156 3342 quem
1177 3253 1272 3322 miles

171 3353 308 3444 quidam
334 3374 400 3419 una
430 3373 507 3419 cum
534 3374 631 3419 servo
656 3374 717 3419 suo
742 3351 912 3422 edidisset.
970 3354 1152 3439 Quaerenti
1177 3355 1271 3442 mihi,

170 3481 259 3547 quae
277 3464 365 3523 esset
379 3454 489 3522 militis
507 3454 597 3522 istius
613 3455 667 3522 vel
683 3454 834 3522 doctriua
854 3457 909 3524 vel
924 3457 1072 3544 indoles,
1098 3456 1272 3526 hominem

170 3584 244 3629 esse
265 3557 442 3650 respondit
459 3579 526 3625 uon
540 3557 713 3626 indoctum
729 3581 839 3648 neque
856 3569 1029 3652 expertem
1044 3561 1188 3653 ingenii,
1207 3560 1272 3630 sed

169 3662 352 3732 admodum
373 3661 533 3729 ferocem.
585 3661 665 3754 Ego
688 3670 874 3731 commotus
895 3671 989 3732 tauto
1013 3664 1193 3748 miraculo,
1228 3686 1270 3732 eo

169 3766 244 3859 ipso
272 3765 326 3833 die
358 3788 378 3832 e
405 3762 622 3856 bibliopolio,
657 3765 862 3855 praeteriens
887 3765 993 3853 forte,
1025 3767 1107 3860 petii
1135 3768 1269 3835 librum.

169 3869 329 3937 Perlectis
360 3868 488 3957 aliquot
512 3868 645 3961 paginis
679 3868 803 3960 agnovi
836 3869 1035 3964 Reisigium.
1094 3871 1127 3938 ls
1164 3892 1270 3961 quum

169 3971 257 4039 forte
277 3971 393 4062 paucis
411 3970 530 4038 diebus
552 3982 630 4063 post
650 3968 693 4038 ad
709 3965 764 4038 me
778 3972 938 4062 venisset,
968 3996 1056 4063 qnne
1072 3974 1210 4041 tandem
1224 3982 1270 4060 te,

141 4144 144 4149 ,
168 4074 324 4163 inquam,
345 4074 564 4164 intemperiae
584 4075 769 4168 agitaruut,
795 4086 832 4142 ut
852 4075 1090 4168 Xenophontis
1106 4074 1270 4145 Oecono-

168 4177 292 4245 micum
320 4199 397 4244 curn
428 4176 614 4246 istiusmodi
652 4177 918 4248 adnotationibus
957 4179 1099 4248 ederes?
1149 4180 1272 4248 Haesit

169 4279 342 4366 confusus,
368 4278 546 4369 statimque
569 4281 741 4349 confessus
767 4289 827 4354 est.
881 4283 934 4350 lbi
955 4304 1023 4377 ego
1047 4304 1125 4351 eum
1153 4282 1270 4374 gravi-

167 4392 219 4452 ter
239 4390 384 4476 propter
403 4380 495 4451 illam
519 4391 554 4452 et
569 4385 604 4452 in
616 4381 787 4452 laudando
805 4393 839 4453 ct
855 4384 889 4453 in
906 4385 1129 4479 vituperando
1144 4385 1280 4456 immo-'
