2842 4920
471 354 555 414 nio.
577 353 630 415 111.
676 351 773 414 σεε.
795 355 850 418 11.
872 355 925 418 ιε.
1152 316 1254 418 ἰοσ

149 549 239 618 Plato
255 546 439 637 Phileb.p.
456 540 515 613 15.
533 543 574 617 (λ.
602 539 698 635 oicy'
720 538 786 618 ούν
802 537 871 638 ε’γού
886 541 998 642 φαίην
1022 541 1078 617 οἷν.
1132 543 1253 613 Τλνεσ-
1367 636 1369 640 ³

139 653 243 737 ,oritus
261 650 371 719 XXV.
392 648 453 717 63.

727 794 797 894 iro*
811 800 853 875 δέ
865 829 926 875 τοι
939 793 1168 899 ἡγεμονεύσω

247 901 354 981 αύλιν
366 910 401 989 ές
415 901 612 1004 ἡμετέρην,
638 911 698 978 ἴνα
713 931 774 979 κεν
788 905 989 999 τέτμοιμεν
1005 901 1156 978 ἄνακτα.
1181 904 1185 913 '

661 1159 737 1230 m
877 1149 883 1160 s

186 1333 254 1405 De
280 1332 490 1427 optativo
518 1352 613 1401 eom
639 1328 693 1404 ἂν
719 1331 765 1400 in
790 1329 1204 1426 sententiosiooli.

224 1532 228 1540 ·
245 1503 416 1574 Porticula
430 1497 475 1576 ἄν
491 1503 529 1592 in¹
541 1502 703 1581 sententia
717 1503 810 1570 finali
827 1525 905 1569 eum
920 1504 1088 1595 optativo,
1114 1505 1254 1594 quinon

150 1609 186 1678 sit
211 1631 279 1701 pro
308 1615 421 1676 rectae
453 1607 609 1675 orationis
636 1605 848 1673 coniunctivo
875 1606 1023 1695 positus,
1055 1607 1103 1699 ibi
1125 1616 1256 1677 tantum

150 1720 345 1804 usurpatur,
371 1709 431 1778 ubi
449 1710 523 1778 finis
540 1710 567 1777 is
583 1717 649 1797 est,
674 1718 712 1777 ut
734 1710 844 1802 possit
862 1709 989 1800 aliquid
1009 1710 1093 1778 fieri.
1145 1710 1193 1779 Et
1206 1711 1255 1781 εἰο

149 1815 212 1884 iam
226 1816 398 1884 Homerus
416 1811 485 1882 od.
498 1818 534 1907 β.
551 1809 615 1886 52.
1308 1818 1316 1834 ’

248 1989 289 2059 οἳ
299 1977 438 2082 πατρύς
452 1983 521 2077 μέν
535 1985 569 2064 ές
586 1977 687 2056 οἷκον
704 1976 920 2080 ἀπερρίγασι
934 1983 1084 2056 νέεσθαι

248 2085 412 2186 Ἰκαρίου
419 2140 433 2175 ,
461 2083 506 2168 ὥς
518 2081 554 2159 κ’
567 2077 678 2166 αύτύς
691 2079 907 2158 ἐεδνώσαιτο
920 2079 1113 2183 θύγατρα,
1247 2082 1251 2088 ’

249 2190 329 2289 δοίη
349 2185 386 2264 δ’
402 2185 431 2286 ᾦ
445 2184 482 2262 κ’
498 2191 623 2264 ἐθέλοι
637 2187 700 2261 καί
711 2193 748 2260 οἱ
761 2188 1017 2285 κεχαρισμένος
1029 2189 1163 2265 έλθοι.

151 2361 205 2433 Sic
223 2360 272 2431 ibi
286 2357 521 2447 scribendum,
546 2382 636 2449 non,
662 2367 701 2428 nt
713 2359 839 2451 vulgo,
863 2359 942 2452 μέν.
967 2357 1036 2428 Od.
1053 2386 1092 2454 μ.
1109 2357 1194 2431 156.

253 2525 335 2603 ἀλλ’
349 2529 436 2626 ε’ρέοι
451 2528 521 2622 μέν
539 2522 647 2624 ε’γούν,
674 2536 734 2602 ἴνα
748 2521 884 2610 εἰδότες
903 2527 927 2626 ἥ
941 2557 980 2602 κε
995 2523 1184 2622 θύνωμεν,

250 2631 275 2728 ἤ
287 2660 347 2706 κεν
365 2626 585 2726 ἀλευάμενοι
600 2626 769 2706 θύνατον
782 2629 842 2705 καὶ
856 2631 949 2730 κῆρα
964 2625 1155 2728 φύγοιμεν.

153 2814 186 2860 π.
201 2782 290 2857 295.

252 2937 338 3012 νοῖϊν
356 2935 392 3013 δ’
409 2939 541 3011 οἴοισιν
554 2930 619 3011 δύο
636 2932 804 3032 φάσγανα
819 2935 878 3008 καὶ
893 2931 958 3011 δύο
975 2938 1086 3034 δούρε

252 3043 457 3115 καλλιπέειν
475 3040 534 3112 καὶ
551 3033 636 3112 δοκεῖ
651 3033 809 3135 βούγρια
828 3039 948 3137 χερσὶν
963 3041 1113 3114 ἑλέσθαι
1119 3093 1133 3128 ,

252 3142 299 3225 αἱς
314 3142 359 3216 ιῖν
373 3137 614 3223 ἐπιθύσαντες
627 3139 817 3235 ἑλούμεθα.

154 3297 224 3368 Sed
237 3324 277 3370 α.
287 3290 378 3405 330.

249 3446 403 3539 ’ἴσχεσθε
420 3447 622 3540 πτολέμου,
646 3439 868 3542 Ἰθακήσιοι,
892 3441 1105 3543 αργαλέοιο,

255 3549 301 3633 οἷς
314 3579 373 3624 κεν
388 3545 571 3644 α’ναιμωτέ
585 3577 625 3643 γε
641 3552 887 3647 διακρινθεῖτε
902 3544 1080 3640 τύχιστα,

155 3743 220 3790 non
240 3731 292 3791 est
311 3743 371 3800 cor
383 3719 627 3813 posthabentur
641 3718 737 3810 quod
750 3720 826 3789 libri
841 3721 987 3791 nonnulli
1002 3721 1167 3813 praebent
1181 3722 1261 3793 δια,-

155 3825 341 3923 κρινθῆτε.
368 3822 558 3916 Sophooies
573 3821 749 3893 Oenomao
767 3823 860 3917 apud
875 3824 1051 3917 Aristoph.
1066 3827 1129 3893 Av.
1148 3822 1260 3894 1337.

364 3975 537 4072 γενοίμαν
553 3969 673 4057 αιέτύς
684 3975 882 4073 ὑψιπέτας,

159 4332 271 4420 Quem
292 4335 408 4408 locum
426 4335 607 4407 Elmsieius
624 4335 670 4405 od
684 4332 793 4430 soph.
805 4335 858 4406 Αἰ.
880 4333 993 4404 1217.
1018 4333 1113 4426 qnod
1131 4334 1262 4405 Atticos
