2842 4920
414 365 848 429 HERMESIANACTIS
878 371 1032 437 ELEGI.
1212 379 1278 443 243

271 546 435 633 αυτόςδ
453 551 558 635 οὗτος
573 551 697 637 άοιδός
706 612 720 645 ,
748 558 790 631 ὃν
808 563 846 632 ἐκ
867 555 1017 641 Διός
976 589 1062 635 αισα
1087 559 1274 657 φυλάσσει,

322 651 474 748 ἥδιστον
493 653 638 731 πάντων
653 658 812 752 δαίμονα
828 659 1081 754 μουσοπόλον,

270 752 456 852 λιπτην’
421 787 470 841 εις
488 755 679 883 Ἰθάκην
654 763 859 837 ανιτσίνετο
876 772 976 847 θεῖος
986 765 1147 866 Ομηρυς

193 858 242 928 30
321 857 453 958 σίδῆσιν
469 863 618 984 πινυτῆς
635 871 753 937 εἵνεκα
770 863 995 990 Πηνελόπης·

267 961 312 1059 ἢν
328 963 388 1035 δία
405 959 523 1038 πολλά
539 960 672 1039 παθσιν
688 965 844 1091 ὀλίγην’
826 965 1039 1049 οςενάσσατο
1055 974 1187 1064 νῆσον,

325 1061 505 1139 πολλάν’
481 1065 549 1139 απ’
568 1066 704 1167 ου’ρείης
721 1065 932 1164 λειπόμενος
946 1076 1135 1167 πατρίδος·

268 1172 392 1240 κλαῖεν
409 1166 447 1241 d
463 1166 622 1292 Ικαρίου
638 1200 679 1244 τε
692 1175 792 1266 γένος
806 1201 865 1244 και
859 1174 996 1269 δῆμον
1011 1173 1198 1269 Ἀμύκλου
1206 1235 1220 1269 ,

318 1298 376 1342 και
369 1267 586 1370 Σπάρτην,
613 1273 755 1347 ἰδίων
723 1270 936 1400 ⁸ocrrso'psvos
950 1283 1109 1352 παθεᾝσιν

190 1370 239 1440 35
269 1372 490 1467 Μίμνερμος
506 1378 562 1460 δι’,
585 1405 651 1449 τον
665 1372 791 1472 ηδιίν
769 1406 807 1459 ος
820 1376 946 1473 εὕρετο
964 1376 1099 1455 πολλον
1114 1379 1273 1467 άνατλάς

319 1504 410 1571 ηχσν
424 1505 485 1550 και
477 1477 667 1571 μαλακοῦ
684 1477 816 1573 πνυάμ
831 1478 911 1555 άπο
897 1477 1193 1578 πενταμέτρου,

265 1579 390 1652 καίετο
406 1581 475 1673 μὲν
495 1582 685 1670 Ναννοῦς,
712 1582 824 1677 πολίῳ
842 1580 877 1656 δ’
895 1584 951 1657 ἐπί
965 1581 1117 1659 πολλάκι
1129 1583 1230 1684 λάτμ

245 1889 296 1950 28
319 1885 415 1946 Codd
440 1886 517 1948 Ven.
538 1887 598 1948 Pal.
619 1883 820 1966 μουσοπόλον
864 1888 941 1949 Edd
965 1900 1038 1951 vett.
1059 1885 1266 1971 μουσοπόλων.

159 1970 314 2030 Vtrumvis
327 1972 403 2032 ferri
419 1983 536 2051 posset,
561 1972 653 2030 modo
666 1975 797 2051 δαίμονα
810 1973 881 2033 satis
894 1984 976 2035 recte
988 1975 1102 2035 dictum
1118 1998 1182 2037 ease
1197 1999 1269 2038 con·
1294 2030 1295 2035 ,

158 2065 263 2117 staret.
307 2056 390 2116 Nihil
413 2078 448 2116 eo
470 2055 587 2116 confert
609 2057 756 2117 Ammiani
770 2057 909 2138 τέχνης
890 2084 1052 2142 ρητορικης
1066 2062 1183 2142 δαίμων
1197 2069 1269 2125 λευ-

156 2136 307 2224 κοφόρος,
331 2143 368 2201 de
386 2162 446 2222 quo
462 2141 668 2202 lacobsiusad
688 2141 810 2203 Anthol.
829 2145 889 2206 vol
906 2147 944 2206 Χ
965 2167 994 2225 p
1014 2150 1085 2211 137
1130 2149 1269 2246 Ambigi-¹
1343 2210 1348 2218 ,

157 2247 217 2306 que
238 2236 338 2306 Potest
359 2228 446 2287 etiam
467 2229 505 2288 de
528 2249 581 2304 eo,
611 2239 712 2289 utrum
734 2227 810 2290 haec
830 2230 923 2290 verba
946 2231 1099 2311 appositio
1124 2235 1201 2311 sint,
1229 2256 1268 2294 an

158 2321 333 2372 constructa
360 2333 429 2372 cum
453 2309 608 2391 φυλάσσει.
652 2315 772 2374 Nam'
749 2336 775 2374 σι
797 2316 994 2394 distinguitur
1018 2327 1087 2415 post
1109 2314 1268 2398 φυλάσσει,

156 2398 333 2495 simpliciter
356 2407 511 2458 aeternum
536 2420 599 2459 esse
616 2399 779 2459 Homerum
796 2401 871 2460 dicit
890 2412 997 2480 poeta3
1026 2403 1051 2461 si
1075 2424 1138 2461 non
1160 2403 1267 2464 distin-

156 2484 276 2562 guitur,
298 2485 446 2543 suavitate
462 2505 529 2543 eum
545 2484 577 2543 in
594 2505 680 2543 omne
694 2489 820 2561 tempus
827 2486 994 2564 principem
1013 2489 1137 2546 servari.
1183 2491 1265 2548 Gra-

154 2569 225 2628 vior
238 2566 312 2628 mihi
329 2569 507 2649 digniorque
521 2569 607 2649 prior
621 2569 699 2627 ratio
716 2569 846 2628 ridetur
880 2570 1018 2643 Quare
994 2591 1038 2628 sic
1051 2582 1172 2650 poetam
1189 2575 1266 2633 scri-

153 2655 252 2734 psisse
279 2656 433 2736 suspicor:
464 2651 591 2736 ἥδιστον
611 2648 735 2716 πάντων
754 2656 885 2733 δαίμονα
904 2659 1107 2734 μσυσοπολσῖν
1131 2651 1264 2743 ω’ὃῇσιν·
1272 2654 1274 2659 ’

153 2739 230 2799 haec
249 2741 326 2800 enim
345 2741 439 2801 verba
462 2740 669 2820 coniungenda
682 2750 767 2800 sunt:
798 2739 1014 2799 dulcissimum
1034 2719 1159 2800 ιίισιιιίπ
1173 2719 1267 2803 Amo·

153 2847 218 2884 rem
240 2827 429 2885 carmmzbos
442 2827 550 2888 colens
594 2826 839 2900 Recordabatur‚
861 2847 920 2886 nrsr
911 2827 1038 2900 fallor,
1062 2827 1145 2905 quod
1160 2828 1266 2888 Hesio-

155 2910 212 2969 dus
230 2911 325 2989 dixit,
347 2906 402 2992 ἥδ’
407 2909 506 2991 ’Ἔρος
517 2960 527 2988 ,
549 2907 584 2983 ὃς
596 2906 753 2984 κάλλιστος
768 2911 800 2974 ἕν
821 2905 1003 2974 α’θαυάτσισι
1023 2919 1151 2976 θεοῖσιν.
1195 2915 1264 2974 Νοη

152 2995 252 3056 habeo
267 2998 350 3058 aliud
373 2997 541 3077 exemplum
562 2996 650 3054 verbi
671 2999 891 3093 μουσοπολεῖυ,
919 2997 971 3055 sed
991 2999 1137 3073 exemplis
1157 3000 1189 3057 in
1204 2998 1264 3060 hoc

153 3102 263 3161 genere
285 3104 345 3143 non
361 3103 481 3163 opus
495 3081 607 3141 Eodem
630 3078 1273 3162 modo‚n1s1qursforte1dhicquoque

152 3168 321 3272 praeierat,
345 3174 543 3249 μσυσσποιεῖυ
564 3165 642 3226 dixit
643 3163 878 3263 Aristophanes
901 3166 980 3226 Nub.
1002 3163 1076 3230 334.
1098 3167 1195 3226 Versu
1210 3175 1262 3236 29.

153 3245 187 3315 d’
201 3263 271 3333 post
286 3250 398 3334 Aenaria
412 3253 525 3314 delevit
538 3251 717 3311 novissimus
735 3251 834 3311 editor
849 3249 1000 3314 Athenaei

240 3343 289 3403 33.
313 3340 394 3398 Libri
410 3332 569 3400 i‘sAoeeod’
584 3331 715 3419 Ἰκάρου.
743 3337 820 3396 Mira
836 3337 975 3397 socordia
991 3336 1174 3414 criticorum,
1190 3358 1263 3417 quo·

152 3443 220 3482 rum
236 3424 338 3483 nullus
355 3423 415 3483 hoc
430 3424 642 3486 emendaverit.

240 3510 291 3574 35.
315 3510 405 3568 Nullo
421 3519 511 3588 pacto
526 3509 590 3569 fieri
606 3518 719 3587 potest,
743 3507 824 3587 quod
836 3507 1014 3568 Ruhnkenio
1029 3507 1205 3583 videbatur,
1228 3517 1263 3568 ut

151 3590 266 3656 πολλάν
281 3589 410 3668 άνατλάς
427 3597 625 3672 coniungatur
641 3615 709 3652 cum
723 3595 823 3655 καίετο
837 3591 894 3674 μὲν
909 3598 1062 3666 Ναννοῦς.
1105 3593 1172 3650 Alia
1187 3591 1263 3652 haec

151 3680 249 3778 mala,
272 3700 361 3758 quam
376 3681 486 3740 amoris
503 3701 600 3755 curas,
624 3680 715 3738 fuisse
732 3679 928 3741 crediderim·
952 3700 986 3737 ac
1000 3699 1070 3736 mox
1084 3698 1189 3754 graves
1203 3677 1263 3736 ini-

152 3766 223 3824 mici
241 3776 446 3825 memorantur
459 3766 638 3826 Hermobius
654 3774 682 3824 et
697 3763 866 3825 Phereclcs.
912 3763 1002 3837 Quod
1021 3762 1152 3821 Philetae
1167 3762 1261 3822 verbe

152 3850 235 3952 apud
258 3851 418 3911 stobaeum
434 3851 570 3910 LXXXI.
585 3852 614 3915 4
629 3850 729 3909 attulit
744 3849 957 3925 Ruhnkenius,
981 3874 999 3908 α
993 3841 1050 3908 λ
1003 3845 1158 3910 λέπὲωυ
1174 3843 1262 3923 sidric

150 3954 285 4014 κοσμου,
306 3935 359 3998 καὶ
370 3934 466 3999 πολλα
478 3929 618 4018 μογήσας
637 3929 748 4016 μύθων
762 3935 916 3996 παντοίων
939 3896 1028 4012 άίμον
1051 3927 1259 4011 ἐπιστάμενος,

150 4021 225 4080 fecit
244 4043 327 4081 more
346 4023 427 4081 illiue
449 4021 612 4101 temporis,
635 4041 695 4097 quo
711 4019 785 4095 s1b1
814 4028 849 4077 ut
865 4021 1027 4077 etiamnum
1048 4018 1237 4095 nonnulli,
1228 4041 1260 4078 1n

150 4105 292 4166 similiter
306 4107 456 4167 dictorum
474 4108 695 4186 comparatione
715 4105 773 4162 viri
792 4105 872 4163 docti
889 4104 1055 4183 placebant.
1100 4102 1182 4162 Nihil
1203 4105 1260 4164 iste

149 4191 236 4252 locus
253 4191 291 4251 ad
305 4192 590 4266 Hermesianactem,
612 4190 789 4270 praesertim
805 4210 896 4270 quum
914 4187 1063 4265 Philetas,
1086 4190 1109 4248 si
1127 4189 1202 4268 quid
1215 4190 1259 4249 vi.
1272 4195 1273 4198 ’

150 4275 229 4350 deo,
252 4303 293 4358 μη
287 4274 406 4340 πολλά
426 4272 560 4358 μογήσας
576 4274 740 4356 scripserit.

237 4367 289 4428 37.
313 4363 386 4425 Cod.
403 4364 484 4425 Ven.
494 4365 623 4448 πολλιῷ,
648 4361 708 4420 Pal
722 4359 834 4446 πολίῳ,
858 4346 950 4421 edd.
943 4367 1016 4418 vett.
1028 4362 1136 4442 πολιρι.
1181 4358 1259 4418 Tum
1341 4440 1346 4451 .

981 4461 1051 4546 Q*
