2842 4920
159 346 223 408 144
334 358 338 364 ’
493 336 553 398 DE
586 334 861 397 enarretur
882 331 930 404 riv

160 528 260 601 sentis
271 530 324 597 vel
343 527 445 596 futuri
459 526 619 619 temporis
638 533 699 614 est,
724 526 912 595 necessario
926 550 963 595 se
980 525 1027 597 ita
1044 525 1161 615 habet,
1189 528 1269 620 quia

160 658 247 725 quae
267 655 308 700 ex
329 654 370 699 eo
388 631 555 722 pendent,
581 653 649 698 non
670 639 812 722 possunt
833 653 901 698 non
922 631 1035 698 futura
1058 655 1140 700 esse.
1195 633 1269 701 Sed

104 816 107 821 ¹
158 738 241 806 illud
263 736 402 803 verbnm
420 736 446 801 si
470 743 521 802 est
540 735 713 825 praeteriti
735 735 918 825 temporis,
952 744 1009 801 aut
1032 736 1131 803 instat
1154 736 1269 804 adhuc

160 841 319 925 effectus,
346 846 403 905 aut
417 840 483 905 iam
497 838 678 928 praeteriit.
730 839 768 906 Si
781 838 900 924 instat,
928 838 1049 905 eadem
1063 849 1113 906 est
1128 841 1269 907 coniun-

160 945 237 1012 ctivi
252 942 441 1024 necessitas
466 964 554 1030 quae
573 941 658 1008 inre
674 948 853 1031 praesente
867 949 901 1008 et
914 941 1037 1009 futura.
1088 941 1135 1009 Vt
1148 944 1176 1010 si
1193 943 1267 1032 quia

159 1048 288 1116 venisse
309 1067 345 1112 se
370 1044 474 1127 dicat,
501 1052 538 1111 ut
559 1067 647 1111 nunc
668 1045 774 1111 verba
795 1044 914 1131 faciat,
947 1043 976 1112 is
1000 1043 1109 1130 dicet,
1135 1041 1268 1141 ἦλθον,

159 1157 219 1224 ἵνα
249 1149 347 1239 λέγω.
398 1146 561 1215 Nondum
583 1147 671 1214 enim
694 1147 800 1230 fecit,
835 1147 930 1236 quod
952 1147 988 1214 in
1011 1148 1124 1215 animo
1155 1147 1268 1217 habe-

157 1255 233 1338 bat,
258 1273 363 1340 quum
383 1251 530 1334 veniret,
558 1248 619 1317 sed
641 1257 691 1317 est
712 1272 800 1318 nunc
822 1250 960 1318 demum
981 1250 1141 1318 facturus.
1194 1252 1268 1320 Sed

158 1358 186 1424 si
205 1364 238 1423 et
258 1355 365 1440 venit,
393 1361 426 1420 et
442 1375 545 1442 quarn
563 1353 699 1421 volebat
725 1354 911 1421 orationem
935 1353 1071 1439 habuit,
1097 1355 1144 1421 ita
1165 1354 1267 1442 (licet,

158 1455 275 1553 ἦλθον
296 1463 355 1528 ἴνα
375 1456 540 1548 λέγοιμι,
573 1478 641 1523 non
664 1479 733 1545 quo
755 1480 791 1524 se
812 1458 880 1524 iam
899 1456 1058 1525 habuisse
1081 1459 1270 1559 orationern

158 1561 338 1654 significet,
365 1557 427 1649 sed
447 1567 483 1626 ut
503 1559 675 1628 consilium
692 1568 837 1648 tantum,
865 1583 934 1650 quo
948 1568 1104 1647 venerat,
1129 1561 1266 1649 indicet,

157 1688 225 1733 non
244 1670 357 1730 autem
374 1685 410 1730 se
432 1685 521 1730 nunc
543 1662 680 1731 demum
704 1672 963 1753 exsequuturum
986 1664 1069 1731 illud
1090 1665 1268 1732 consilium

157 1791 231 1837 esse
252 1767 376 1835 innuat.
409 1767 583 1857 Exemplis
599 1766 633 1832 in
655 1790 693 1834 re
714 1767 882 1834 tritissima
904 1790 972 1834 non
991 1790 1077 1859 opus
1097 1775 1158 1840 est.
1193 1767 1267 1836 Sed

156 1893 260 1940 unum
279 1879 392 1936 tamen
411 1868 570 1956 afferam,
597 1869 691 1958 quod
711 1869 870 1964 singulari
889 1871 994 1939 modo
1017 1871 1267 1940 conformatum

155 1982 223 2062 en,
251 1970 363 2045 oar.
381 1970 467 2041 κα.

259 2119 351 2199 otto?
369 2119 463 2216 μαλ’
478 2122 630 2218 ὤφελλες
647 2122 767 2198 Διΐτ’
784 2123 946 2199 ἄλλοισίν
959 2153 1000 2199 τε
1017 2131 1162 2199 θεοῖσιν

258 2228 358 2325 ῥέξας
372 2220 453 2320 ispo?
467 2220 551 2299 κάλ’
566 2223 831 2322 ἀναβαινέμεν,
858 2226 958 2324 ὄφρα
977 2221 1135 2318 τοῖχιοτα

259 2322 325 2425 σήν
343 2332 376 2409 ἐς
390 2324 541 2426 πατρίδ’
557 2336 661 2403 ἵκοιο.

153 2486 341 2578 Exspectes
363 2481 438 2570 hio,
462 2491 500 2551 ut
526 2484 561 2550 in
587 2484 679 2552 irrito
705 2483 862 2571 consilio,
898 2490 994 2574 ἵκεο,
1026 2490 1067 2553 ot
1087 2482 1266 2557 venisses:

154 2614 222 2660 uon
235 2588 324 2657 venit
347 2586 454 2655 enirn:
480 2586 542 2654 sed
563 2586 646 2654 dixit
664 2594 782 2675 -ἵκοιο,
809 2611 878 2655 non
905 2598 1062 2680 spectans
1083 2588 1165 2675 quid
1183 2612 1265 2658 eve·

153 2693 255 2777 uerit,-
276 2690 337 2758 sed
353 2712 420 2778 quo
437 2690 573 2757 consilio
585 2713 638 2757 res
658 2689 811 2757 debuerit
826 2693 959 2783 suscipi.
1001 2690 1148 2776 Quodsi
1164 2698 1265 2786 ἵκηαι

154 2791 300 2877 dixisset.
320 2791 432 2859 adhuc
445 2791 630 2865 rediturum
642 2793 855 2884 significaret.
888 2794 1025 2862 Eodem
1042 2793 1145 2861 modo
1163 2795 1264 2862 etiam

153 2920 312 2990 praesens
330 2903 364 2963 et
378 2895 528 2962 futurum
541 2896 637 2962 verbi
650 2897 800 2986 primarii
819 2899 968 2988 optativo
986 2898 1178 2989 iunguntur,
1204 2898 1263 2965 ubi

154 3000 292 3069 desolo
313 2999 449 3066 consilio
472 3020 582 3066 sermo
599 3007 664 3066 est:
691 3000 784 3087 quod
799 3024 904 3089 quum
920 3002 976 3086 fit,
1004 3023 1045 3068 ea
1066 3000 1194 3068 ratione
1208 3002 1263 3068 lo-

152 3104 277 3195 quendi
294 3103 538 3195 significamus,
565 3110 721 3171 eventum
736 3125 805 3171 non
826 3103 1084 3196 comprobatum
1102 3103 1143 3169 iri
1159 3103 1261 3172 facto.

152 3208 260 3276 Aliter
289 3207 376 3273 eninr
407 3206 616 3272 coniunctivo
646 3214 826 3272 uteremur.
878 3207 919 3274 ld
943 3207 1062 3298 pulcre
1088 3207 1263 3298 perspexit

152 3309 322 3400 Reisigius
338 3309 373 3374 in
391 3305 522 3373 Comm.
542 3330 588 3379 cr.
606 3306 650 3373 ad
674 3305 762 3377 Oed.
783 3308 857 3376 Col.
879 3333 916 3401 p.
941 3308 1025 3377 168.
1041 3332 1135 3398 seqq.
1159 3333 1262 3398 quem

152 3411 315 3479 tamenin
333 3409 491 3476 Electrae
513 3408 720 3500 Euripideae
738 3410 815 3477 loco
837 3434 869 3484 v.
886 3410 947 3480 57.
970 3436 1064 3502 seqq.
1088 3412 1159 3480 falli
1179 3413 1262 3480 milri

52 3552 60 3569 .
152 3513 277 3597 videri,
299 3510 343 3578 ad
364 3509 544 3601 Sophoclis
566 3511 724 3580 Electrae
746 3537 777 3579 v.
793 3509 855 3586 st,
879 3515 955 3582 dixi.
1007 3515 1045 3583 ln
1067 3513 1262 3584 huiusmodi

151 3619 253 3710 igitur
269 3614 436 3704 ¹exemplis
460 3615 625 3706 optativus
640 3616 816 3684 manifesto
835 3618 883 3685 sic
902 3628 1100 3709 usurpatur,
1127 3628 1165 3686 ut
1188 3621 1261 3688 solo

153 3720 292 3789 consilio
320 3717 498 3786 indicando
529 3716 744 3786 effectionem
780 3742 848 3786 non
882 3731 1097 3811 sequuturam
1130 3732 1259 3814 arguat

151 3823 214 3890 Est
233 3844 314 3891 vero
339 3822 457 3905 etiam,
478 3821 537 3888 ubi
553 3822 685 3910 utrique
707 3823 811 3913 morlo
835 3826 928 3894 locus
952 3833 1024 3915 est,
1049 3826 1165 3916 prouti
1187 3848 1260 3894 rem

151 3925 261 3993 animo
277 3925 456 4016 concipias.
508 3924 556 3992 Vt
567 3924 660 3992 lliad.
674 3952 704 4016 χ.
719 3925 806 3999 348.

253 4059 297 4141 ὥς
313 4057 376 4133 οὐκ
392 4055 476 4134 ἔσθ’
493 4059 531 4142 ὃς
546 4060 608 4158 σῆς
620 4089 660 4154 γε
677 4054 783 4143 κύνας
799 4061 952 4160 κεφαλῆς
967 4025 1182 4136 ἀπαλάλκοι.
1265 4050 1267 4057 ’

149 4195 267 4288 Eurip.
282 4197 358 4268 Alc.
373 4192 449 4265 53.-

253 4330 337 4409 ἔσθ’
353 4329 417 4409 οὖν
435 4330 528 4416 ὅπως
541 4332 734 4434 Ἀλκηστις
749 4338 783 4417 ἐς
798 4333 908 4433 γῆρας
923 4327 1061 4429 pillau
