2842 4920
470 344 622 413 man.
667 347 873 414 cunata
912 300 916 307 ⁸
1191 320 1249 418 ρι’

101 537 153 604 sic
175 535 320 627 intelligi
343 542 515 626 praestat,
548 545 585 606 ut
608 538 843 608 tantummodo
870 538 915 607 ad
941 538 1056 608 futura
1087 549 1230 631 spectet,

102 639 184 708 Alia
214 640 272 727 qui
304 637 476 707 desideret
512 640 800 711 coniunctivorum
834 641 1029 712 huiusmodi
1064 646 1230 736 exempla,
1330 725 1333 731 ,

104 743 262 812 conferat
276 741 375 816 lliad.
391 768 424 816 o.
440 738 527 813 350.
544 741 613 817 Od.
626 773 666 839 μ.
679 744 766 814 301.

512 902 514 907 ,
639 949 700 1024 111·

132 1098 200 1169 Dc
221 1084 567 1194 partic'ulia'aeir
594 1111 637 1172 et
663 1103 737 1177 uir
765 1126 864 1173 cum
890 1103 1195 1174 coniunctivo
1247 1129 1250 1138 ·

509 1224 637 1315 apud
657 1223 828 1316 epicos.

209 1357 312 1448 Epici
329 1365 480 1442 veteres,
507 1382 592 1448 quos
612 1361 680 1428 iam
703 1384 807 1452 supra
829 1360 863 1427 in
887 1358 1054 1427 indicativi
1076 1360 1225 1450 explica-

102 1460 195 1527 tione
217 1462 361 1529 vidimus
377 1462 512 1529 liberius
533 1464 581 1530 uti
598 1465 770 1554 particulis
789 1463 834 1535 cir
856 1471 891 1530 et
913 1464 990 1544 κέν,
1018 1463 1117 1530 etiam
1141 1484 1223 1529 con—

102 1563 258 1632 iunctivo-
270 1589 327 1632 eas
342 1587 413 1631 non
428 1572 499 1632 tam
517 1575 609 1632 certa
622 1568 753 1635 ratione
769 1566 989 1650 addiderunt,
1016 1588 1119 1653 quam
1137 1588 1224 1653 quae

102 1669 292 1736 recentiore
317 1690 379 1734 usu
400 1669 545 1737 stabilita
564 1679 625 1743 est.
676 1672 765 1737 Nam
796 1668 863 1736 hae
892 1668 1079 1758 particulae
1107 1690 1223 1755 quum,

103 1778 141 1837 nt
160 1794 264 1863 supra
285 1771 509 1858 ostendimus,
536 1773 684 1862 aliquam
707 1773 834 1841 fortuiti
851 1771 1022 1844 notionem
1037 1770 1143 1837 verbo
1159 1771 1223 1836 ad-

104 1870 206 1954 dant,
232 1875 437 1963 ubicumque
453 1876 483 1942 ei
499 1877 623 1943 notioni
638 1877 733 1943 locus
753 1884 857 1957 essct,
884 1874 1031 1941 adiicere
1053 1896 1109 1944 eas
1133 1874 1223 1964 epici

102 1998 172 2043 non
195 1976 400 2049 dubitarunt.
453 1977 517 2045 Est
544 1988 657 2046 autem
685 1979 913 2046 coniunctivus
939 1977 966 2044 is
987 1976 1129 2060 modus,
1164 1977 1223 2066 qui

103 2087 222 2148 natura
236 2081 396 2149 facillime
411 2104 487 2148 eam
501 2081 725 2151 adiectionem
740 2082 904 2162 admittat,
921 2087 968 2158 ,ut
983 2081 1042 2168 qui
1057 2079 1101 2146 ad
1114 2079 1151 2146 id
1165 2102 1223 2147 re-

103 2182 249 2270 feratur,
276 2182 371 2272 quod
388 2185 596 2276 experientia
618 2185 895 2278 cognoscendum
912 2184 969 2259 sit:
994 2182 1031 2250 id
1049 2191 1161 2249 autem
1179 2204 1222 2251 eo

103 2285 178 2377 ipso
192 2288 369 2354 fortuitum
385 2297 444 2355 est.
498 2288 616 2378 ltaque
631 2291 743 2379 primo
759 2290 819 2357 nbi
834 2286 1060 2362 coniunctivus
1081 2309 1149 2378 pro
1167 2286 1222 2353 io-

103 2397 177 2458 turo
204 2391 336 2482 positus
361 2399 427 2477 est,
455 2391 586 2481 (licebit
608 2394 698 2460 enim
721 2395 766 2460 ita
786 2382 880 2480 loqui
902 2389 1073 2460 brevitatis
1091 2412 1221 2475 caussa,
1356 2426 1363 2434 ·

102 2502 286 2584 postquam
309 2493 540 2579 ostendimus,
559 2496 733 2584 quomodo
757 2494 894 2567 differat
915 2516 937 2560 a
958 2492 1089 2581 futuro)
1117 2514 1222 2583 saepe

78 2595 254 2666 ·adiectae
276 2599 486 2666 inveniuntur
513 2600 699 2689 particulae
719 2599 821 2685 istae,
857 2596 946 2667 forte
962 2594 1054 2685 ‚quid
1073 2592 1223 2663 futurum

104 2723 175 2771 esse
189 2701 390 2770 indicantes:
416 2698 674 2781 11ἰει(1.α.205ἢ
764 2760 769 2772 ,
812 2760 816 2765 .

204 2849 244 2951 ,ἧς
260 2850 497 2951 ὑπεροπλίῃσι
513 2848 599 2944 τάχ’
618 2851 664 2928 ἄν
681 2881 772 2927 ποτε
789 2846 915 2945 ’θυρόν
934 2846 1074 2947 ὀλέσσῃ.

102 3007 172 3076 Nos
192 3006 230 3074 id
246 3007 453 3076 diceremus:
481 3007 603 3076 durclr
622 3007 746 3076 seinen
761 3005 954 3075 thermuth
968 3003 1042 3072 soll
1057 3024 1100 3071 er
1123 3001 1221 3076 wohl

102 3111 197 3180 noch
219 3110 293 3180 das
310 3110 413 3180 leben
428 3111 619 3180 vertieren.
672 3115 703 3184 λ.
717 3108 803 3204 433.

205 3260 302 3360 ἧκεν
318 3264 394 3361 ἐμῷ
408 3258 481 3339 tud
495 3264 600 3361 daupi
617 3261 737 3344 τυπεὶς
753 3259 825 3334 ἄπο
842 3252 966 3352 θυμόν
981 3251 1122 3385 ρ’λέσσῃ.

101 3386 1216 3511 ummmmmsfflfflammm

100 3510 1216 3610 mnmsmampffiummu

101 3621 189 3696 396.
211 3627 242 3695 δ.
271 3620 358 3691 092.
385 3650 415 3695 r.
444 3621 532 3696 507.
556 3651 587 3717 ρ.
610 3623 696 3692 418.
718 3651 749 3713 χ.
772 3617 859 3690 325.
887 3615 972 3685 350.
1011 3617 1101 3683 Hinc
1122 3614 1219 3682 tenui

101 3727 291 3795 discrimine
322 3748 425 3818 saepe
450 3729 676 3797 coniunctivus
702 3736 736 3794 et
760 3725 928 3816 optativus
948 3722 1149 3811 iunguntur,
1183 3724 1220 3784 ut

101 3830 196 3903 lliad.
214 3856 245 3902 σ.
258 3828 346 3903 307.

688 3973 781 4052 datu
799 3971 890 4071 μάλ’
907 3975 1021 4072 ἄντην
1194 4065 1201 4081 .

203 4078 408 4182 στήσομαι,
437 4082 461 4179 ἦ
475 4111 514 4157 ua
529 4084 658 4180 φέρῃσι
673 4084 767 4174 μέγα
782 4083 900 4168 κλέος,
928 4077 951 4177 ἤ
970 4093 1010 4151 ue
1024 4073 1217 4175 φεροίμην,

100 4241 121 4307 i.
139 4263 167 4308 c.
184 4249 309 4309 utrum
324 4239 387 4307 tlte
399 4236 509 4330 sorte
529 4235 740 4330 reperiatur
758 4234 920 4317 vincere,
949 4255 998 4300 an
1022 4251 1094 4323 ego
1109 4225 1219 4319 sorte

100 4343 246 4413 vincere
261 4343 415 4436 possim.
469 4342 524 4411 De
544 4341 612 4412 hoc
626 4360 754 4432 genere
769 4337 843 4440 'dixi
864 4338 899 4406 in
918 4335 996 4404 diss.
1019 4333 1048 4401 1.
1065 4331 1109 4399 de
1125 4330 1217 4424 legg.

154 4464 276 4532 Hnnu.
303 4461 369 4535 Or.
390 4462 448 4531 lv.
559 4528 561 4533 ,
980 4452 1012 4519 F
