2842 4920
201 359 266 423 ιρι
554 352 611 412 nn
638 350 912 413 rnnmcvna
936 345 984 416 ον
1083 326 1087 331 ’

198 541 375 669 Ελληνας
408 536 779 625 καταδουλώσασθαι,
811 535 901 669 πρός
929 539 998 634 μέν
1031 566 1098 612 τον
1131 539 1319 632 τοιοῦτον,

205 641 432 746 κρατήσασαν
448 643 618 770 ῥᾳδίως
592 671 639 719 αν
654 639 772 717 αὐτοῦ
786 644 845 717 ναί
862 672 956 717 ιιατα
974 643 1040 740 μήν
1055 640 1114 716 ναί
1129 671 1223 716 κατα
1213 636 1319 717 θοί-

206 757 368 838 λατταν,
396 742 541 876 εἰρήνην
557 751 606 829 εἰς
620 744 768 820 ἅπαντα
790 740 1065 842 συνεγράψαντο
1091 740 1159 818 τόν
1173 741 1318 841 χρόνον.

207 852 303 945 qnod
321 861 390 939 est,
418 847 464 924 od
480 844 679 949 ἐκράτησαν
700 848 756 922 ἄν.
808 848 936 918 Mirum
950 871 1031 917 vero
1046 857 1097 918 est
1113 848 1208 942 apud
1221 872 1321 919 eum-

196 956 289 1026 ·dem
307 956 539 1047 Isocratemp
555 953 641 1024 129.
655 954 740 1022 Α.’
714 976 762 1022 src
775 953 862 1045 legi.
889 981 920 1025 ιι
915 953 976 1025 ’δέ
991 955 1048 1025 δεῖ
1067 951 1127 1024 ναί
1145 952 1230 1050 περὶ
1245 953 1321 1026 των

209 1061 344 1143 ἔξωθεν
360 1057 546 1154 βοηθειῶν
562 1059 704 1141 εἰπεῖν,
713 1054 872 1152 ἡγοῦμαι
891 1047 1046 1135 πολλους
1067 1055 1219 1129 ἔσεσθαι
1235 1083 1322 1138 τους

206 1162 501 1256 βοολομεῌνους
483 1152 682 1252 σπαμιίνειν
716 1158 815 1281 ήμῖν.
855 1158 1055 1249 ἐπίσταμαι
1078 1151 1147 1283 μιῖρ
1172 1159 1322 1255 πρῶτον

170 1276 173 1282 ’
208 1264 277 1358 ’μὲν
291 1260 527 1359 Ἀθηναίους,
555 1264 589 1334 εἰ
601 1261 660 1334 καί
675 1256 728 1354 μή
742 1256 862 1335 πάντα
881 1256 974 1354 μεθ
989 1259 1092 1356 ήμῶν
1107 1260 1217 1349 εἰσίν,
1244 1257 1322 1335 a’tt

208 1291 300 1464 ίίπέρ
317 1393 356 1457 γε
378 1366 441 1461 τής
459 1363 636 1487 σωτηρίας
658 1365 720 1461 τής
726 1362 916 1488 ἡμετέρας
931 1362 1058 1437 ὁτιοῦν
1074 1362 1119 1435 ἂν
1142 1357 1321 1460 ποιήσον-

209 1493 291 1549 τας·
319 1471 445 1541 ἔπειτὰ
462 1468 536 1541 ταῖν
553 1464 670 1540 ἄλλων
686 1461 862 1540 πόλισιν
842 1494 940 1541 εστιν
957 1463 1144 1589 deducique
1161 1495 1207 1538 αν
1228 1465 1321 1561 ὑπὲρ

209 1597 285 1646 των
299 1568 388 1669 ημῖν
407 1563 667 1665 συμφερόντων
685 1598 730 1650 ως
744 1571 828 1692 περὶ
842 1570 915 1694 τήν
930 1574 1076 1650 ἑαυταῖς
1091 1564 1322 1698 συμβουλευ-

210 1676 383 1767 σομένας
409 1674 465 1747 ι’τι
483 1674 521 1746 δὲ
536 1666 805 1746 Διυνιίσιον
762 1702 825 1747 τον
842 1666 1022 1792 τύραννον
1040 1670 1099 1743 καί
1116 1665 1183 1744 τδν
1201 1673 1323 1765 Αἰγυ-

208 1776 323 1849 πτίων
340 1777 492 1869 βασιλέα
518 1775 576 1846 ναὶ
601 1769 686 1855 τοιίς
706 1773 835 1857 σίλλους
856 1769 952 1848 nard
967 1768 1035 1872 τήν
1055 1771 1184 1847 Ασίαν
1206 1769 1321 1848 δυναί-

211 1905 319 1968 στας,
345 1874 436 1952 καθ’
458 1875 545 1951 ὅσον
564 1883 710 1951 ἕκαστον
726 1872 920 1969 δύνανται,
946 1870 1191 1973 προθύμως
1167 1906 1212 1949 αν
1233 1875 1323 1973 ἡμῖν

208 1976 524 2078 ἐπικουρήσοντας
561 1979 812 2055 1ιι1ιίεότισῦν
828 1980 873 2055 ἄν
886 2004 951 2075 pro
966 1981 1106 2072 vulgato
1119 1975 1241 2053 ποίντα
1256 1981 1323 2048 ha-

208 2084 268 2153 bet
292 2084 368 2156 cod.
396 2085 550 2152 Vrbinas
603 2082 747 2152 ldem
723 2112 768 2155 αν
791 2092 873 2175 post
898 2076 1099 2176 προθύμως
1120 2085 1260 2172 omittit,
1286 2093 1323 2152 nt

209 2186 378 2277 quidem'
369 2210 403 2253 in
425 2187 541 2254 litteris
560 2184 606 2251 ad
630 2185 787 2254 medatis
810 2184 989 2253 Belrkerns
1013 2187 1163 2275 scripsit:
1189 2210 1270 2254 nam
1289 2189 1324 2256 in

209 2288 354 2357 editione
372 2311 432 2355 sua
447 2289 528 2356 nihil
549 2289 650 2355 deca
668 2288 846 2356 omissione
860 2287 1040 2357 adnotavit
1074 2284 1156 2354 Et
1134 2316 1261 2361 στισυν
1271 2288 1324 2364 ἂν

209 2391 350 2482 quidem
370 2401 463 2459 recte
486 2390 660 2479 sehabet,
687 2391 782 2482 quod
803 2392 860 2459 hic
876 2390 922 2464 ἄν
944 2414 1013 2459 non
1037 2391 1081 2458 ad
1105 2392 1324 2484 participium

208 2496 364 2589 pertinet.
416 2496 495 2563 Duo
510 2494 555 2567 ἄν
574 2505 687 2563 autem
708 2519 796 2584 qnae
809 2504 1013 2585 sequuntur,
1038 2495 1101 2562 nisi
1120 2494 1226 2562 deleri
1243 2498 1324 2588 pla-

210 2608 289 2686 cet,
315 2599 488 2689 requirere
510 2600 623 2667 aoristi
639 2600 851 2690 participium
866 2597 1038 2685 ridentur,
1065 2597 1159 2686 quod
1182 2600 1323 2689 quidem

209 2703 309 2769 etiam
324 2702 377 2768 isti
396 2699 522 2775 ὁτιοῦν
539 2701 584 2773 σίν
600 2702 680 2769 addi
694 2704 812 2794 potuit.
853 2703 963 2769 Recte
981 2701 1209 2790 scriptumest
1227 2704 1323 2796 apud

207 2804 528 2894 Demosthenemp
552 2804 633 2892 128,
650 2804 710 2873 29.
737 2799 852 2877 πσίλαι
872 2831 927 2884 τις
942 2802 1090 2893 ηδεως
1065 2833 1111 2876 αν
1130 2832 1212 2886 ισως
1227 2833 1323 2923 ερω

207 2901 327 3003 νήσων
352 2901 525 3003 κάθηται
579 2909 678 2993 Quae
699 2909 745 2976 ibi
765 2908 922 2976 Bremius
944 2930 986 2975 cx
1008 2906 1130 2975 eodem
1156 2902 1322 3000 script'ore
1397 2949 1400 2957 ·

209 3010 485 3078 commemoravit
500 3012 672 3103 exempla,
700 3035 817 3080 eorum
832 3012 900 3079 duo
916 3005 1071 3079 codicum
1092 3034 1159 3105 ope
1179 3011 1324 3082 liberata

209 3122 286 3182 sunt
302 3114 360 3182 illa
383 3116 645 3184 constructione:
673 3115 716 3184 de
739 3117 835 3184 tertio
852 3115 961 3183 statim
980 3114 1101 3181 dicam.
1153 3115 1322 3186 Schaefc-

187 3241 264 3285 ·rus
287 3241 355 3284 non
377 3218 505 3306 liquere
529 3219 594 3285 sibi
617 3220 679 3304 ait,
706 3218 768 3286 sed
792 3217 838 3290 σίν
860 3221 941 3296 ἴσως
963 3219 1076 3284 iuncta
1097 3240 1138 3286 ex
1155 3221 1321 3311 parallelo

208 3328 316 3411 putat.
369 3319 409 3386 ld
431 3321 603 3408 quomodo
627 3322 701 3388 fieri
720 3323 844 3412 possit,
870 3344 938 3387 non
959 3320 1070 3393 video.
1123 3321 1195 3390 Sed
1218 3325 1322 3415 plana

166 3481 173 3486 .
208 3429 344 3506 estnec,
372 3422 466 3510 quod
482 3423 681 3512 simulatque
701 3425 922 3516 interpungas
937 3434 1094 3515 apparet:
1121 3419 1235 3497 πιίλαι
1252 3454 1318 3507 τις,

208 3520 317 3616 ἡδέως
342 3521 388 3593 ἄν
417 3525 520 3602 ἴσως,
555 3519 742 3622 ἐρωτήσων
774 3520 946 3622 ιιοίθηται.
999 3527 1239 3620 Supplendnm
1268 3540 1321 3598 est

208 3627 296 3693 enim
313 3626 456 3721 ἑρωταῖν
470 3628 539 3695 sive
559 3629 672 3701 τοῦτο
694 3628 817 3700 ποιῶν.
870 3631 932 3698 llle
954 3639 1066 3697 antem
1088 3654 1190 3720 quem
1212 3632 1319 3700 modo

208 3728 364 3798 dicebam
379 3730 463 3796 alter
484 3731 601 3798 locus
593 3742 639 3798 ita
660 3733 764 3824 vulgo
781 3733 905 3825 legitur
923 3756 959 3823 p
979 3731 1066 3817 284,
1086 3731 1200 3802 lu‘
1173 3762 1218 3814 ως
1235 3732 1319 3807 odd

207 3829 255 3902 σίν
271 3835 309 3904 ai
319 3860 357 3903 τι
366 3835 576 3923 γένοιτοέτι
592 3829 894 3923 συμπνευσόντων
907 3835 952 3907 ἄν
963 3833 1065 3928 ημοίν
1080 3865 1140 3908 ναι
1153 3865 1227 3908 των
1243 3841 1319 3935 Θη-

208 3932 335 4022 βαίων.
377 3935 570 4003 Alterum
545 3964 592 4008 αν
612 3961 633 4004 a
650 3937 811 4005 Bekkero
827 3948 878 4007 est
895 3938 997 4010 codd.
1013 3938 1238 4028 quorumdam
1255 3964 1319 4008 an-

209 4036 362 4104 ctoritate
385 4037 545 4111 deletum.
597 4040 649 4107 lta
662 4051 754 4109 recte
771 4066 806 4109 se
824 4042 931 4109 habet
945 4043 1068 4110 oratio.
1096 4041 1140 4122 ω“ς
1156 4039 1200 4115 οὐ
1219 4069 1320 4136 συμ-

208 4132 455 4225 πνευσόντων,
483 4138 606 4263 οὐδ’
581 4173 627 4213 αν
645 4146 681 4216 τί
699 4172 736 4216 τι
756 4147 916 4236 γένοιτο,
944 4145 1090 4235 repetito
1111 4146 1208 4213 verbi
1227 4148 1319 4214 aori-

209 4249 272 4331 sto,
300 4237 615 4334 συμπνευσάντων.
651 4248 760 4315 Recte
781 4248 880 4315 etiam
895 4248 1033 4320 Lucian.
1039 4247 1246 4374 Contempl.
1260 4248 1319 4321 14.

209 4344 253 4413 T.
269 4343 295 4412 1.
309 4368 346 4438 p.
359 4342 490 4418 51⁰.
471 4374 510 4421 ιν
525 4375 688 4446 τοσουτῳ
704 4350 742 4423 δὲ
755 4351 992 4449 ἐπαιρέσθων,
1020 4379 1064 4433 ως
1079 4351 1125 4426 ἄν
1137 4348 1190 4450 αφ
1224 4373 1318 4452 υψή-
