2842 4920
168 376 233 438 24⁰
397 366 824 431 Haustustuuucurs
847 367 999 438 ELEGI.

171 584 286 632 earum
298 583 421 629 vocum
442 560 730 649 formularumque
743 581 840 627 usum
861 566 895 628 et
911 566 1113 652 potestatem
1128 582 1197 658 non
1216 585 1274 631 re-

171 666 334 759 spiciunt,
361 687 448 754 quae
464 662 557 753 quod
572 665 794 757 pervulgatae
808 672 894 750 sunt,
919 663 1000 730 nihil
1015 663 1084 731 vitii
1102 665 1275 734 continere

171 776 347 862 putantur,
373 777 408 835 et
427 777 560 855 tamen,
588 767 667 856 quia
680 768 758 834 loco
776 787 845 833 uon
861 788 923 834 suo
937 775 1014 834 sunt
1028 766 1184 857 scriptae,
1210 791 1275 837 nec

172 873 299 943 debent
310 893 372 939 nec
386 878 524 961 possunt
537 870 627 938 ferri.
680 869 753 939 Sed
771 870 831 937 etsi
845 878 1025 958 utrumque
1038 893 1147 961 genus
1162 871 1208 938 ita
1223 881 1275 940 est

172 986 419 1067 comparatum,
445 981 482 1041 ut
496 974 592 1041 vitari
612 974 737 1063 possit,
764 973 792 1041 si
812 973 885 1062 quis
903 981 999 1040 caute
1025 974 1102 1042 satis
1124 974 1274 1042 circum-

171 1087 354 1171 specteque
368 1075 553 1170 procedat,
578 1086 691 1144 tamen
707 1075 762 1143 vel
777 1076 825 1143 sic
843 1076 877 1142 in
894 1075 1176 1145 Hermesianactis
1196 1078 1275 1167 qui-
1303 1136 1305 1142 ,

172 1182 251 1250 dem
267 1181 372 1272 elegis
390 1181 547 1248 nonnulla
563 1179 800 1268 relinquentur,
826 1200 924 1268 quae,
949 1180 1010 1247 nist
999 1178 1182 1248 codicum
1198 1204 1275 1248 me-

171 1286 292 1352 liorum
313 1305 401 1374 ope,
432 1284 539 1350 sanari
560 1291 744 1374 nequeant,
769 1282 808 1349 iis
830 1283 1062 1374 praesertim
1052 1307 1088 1350 ιιι
1110 1283 1276 1368 lociS,in

173 1387 293 1477 quibus
317 1387 372 1454 vel
392 1409 446 1454 res
465 1385 569 1455 hodie
592 1387 728 1479 ignotae
750 1372 991 1476 rdspiciuntur,
1022 1386 1078 1454 vel
1098 1386 1275 1456 hominum

172 1492 366 1559 locorumve
382 1490 516 1557 nomina
532 1489 740 1558 inveniuntur
754 1488 925 1557 mendosa.
977 1489 1092 1574 Quin
1082 1513 1117 1556 ιιι
1133 1490 1275 1559 caeteris

174 1594 274 1662 etiam
286 1615 353 1660 ιιοιι
362 1615 472 1684 pauca
482 1593 600 1679 sunt,
591 1615 625 1659 ιιι
641 1593 838 1682 quibusnon
852 1593 940 1660 ultra
948 1614 1140 1683 opinionem
1155 1602 1190 1661 et
1199 1593 1273 1662 veri

172 1696 313 1765 similem
332 1697 559 1763 coniecturam
571 1695 736 1787 progredi
750 1694 858 1765 liceat.
913 1696 1028 1780 Quare
1049 1695 1075 1764 si
1092 1719 1160 1789 ego
1184 1719 1269 1786 qno·

173 1822 240 1890 qne
259 1808 421 1887 quantum
444 1797 581 1887 quidem
603 1799 732 1889 possim
756 1796 801 1863 ad
820 1797 918 1866 huius
941 1799 1093 1866 constitui
1117 1799 1273 1868 carminis

173 1900 441 1971 emendationem
467 1901 639 1986 conferre,
674 1901 722 1970 sic
745 1901 845 1969 velim
871 1901 1067 1982 existimari,
1098 1902 1196 1979 riam,
1217 1924 1274 1970 mc

171 2006 286 2098 potius
301 2001 492 2096 corrigendi
506 2005 653 2094 aliquam
665 2005 699 2074 in
715 2004 887 2096 plerisque
902 2006 985 2073 locis
996 2005 1140 2075 voluisse
1157 2013 1274 2074 osten-

147 2109 276 2202 4dere,
302 2130 403 2198 quam
419 2116 510 2176 certa
525 2117 647 2200 putare
664 2116 899 2198 corruptorum
921 2108 1072 2176 remedia
1093 2109 1273 2200 reperisse,

173 2213 435 2305 gavisurumque
453 2212 566 2302 potius
591 2233 682 2294 esse,
705 2210 732 2277 si
750 2210 890 2277 meliora
907 2210 981 2299 quis
1004 2210 1144 2298 afferat,
1171 2233 1274 2302 quarn

170 2316 244 2407 ipse
265 2327 352 2403 qnae
367 2315 549 2382 invenerim
566 2313 792 2381 defensurum.
845 2306 955 2409 Μόνη
977 2339 1045 2408 γαρ
1063 2315 1188 2405 ἔμοιγε
1204 2317 1273 2388 do-

170 2424 229 2490 asi
244 2418 337 2498 ἴασις
358 2411 560 2513 ἁμαρτίας,
587 2413 778 2508 ὁμολογεῖν
794 2442 835 2487 τι
850 2409 1068 2512 ἁμαρτόντα
1088 2443 1149 2488 ναι
1141 2417 1273 2506 δῆλον

172 2517 266 2593 εἶναι
295 2515 353 2592 s'n
375 2517 477 2612 αὐτῷ
502 2512 835 2612 μεταγινώσκοντα.
849 2518 888 2606 *l
939 2519 1029 2587 Nam
1049 2542 1109 2587 sua
1138 2520 1274 2589 inventa

171 2623 325 2692 omnibus
340 2623 448 2691 modis
465 2631 581 2691 tenere
597 2645 664 2689 ιιοιι
681 2623 789 2688 solum
802 2623 881 2688 vel
872 2631 1008 2713 ineptae
1023 2623 1190 2705 vanitatis,
1217 2623 1273 2691 vel

170 2725 280 2816 inopis
297 2721 493 2815 superbiae,
514 2725 569 2792 vel
586 2723 728 2790 stolidae
751 2724 979 2813 pervicaciae,
1010 2727 1065 2793 vel
1087 2725 1228 2817 turpis
1219 2748 1272 2793 ιιι-
1306 2744 1310 2751 ·

170 2828 297 2908 vidiae,
319 2826 380 2894 sed
394 2828 528 2894 omnino
543 2826 731 2894 dementiae
743 2849 817 2894 esse
832 2828 985 2896 arbitror.
1037 2828 1110 2897 Sed
1124 2828 1168 2896 de
1183 2827 1273 2896 Her-

170 2930 376 2998 mesianactis
405 2931 556 3005 versibus
580 2951 649 3018 quo
675 2930 883 2998 commodius
910 2931 977 2998 dici
999 2931 1125 3022 possit,
1158 2931 1273 3022 ipsum

170 3035 286 3126 placet
302 3034 532 3126 fragmentum
547 3034 611 3117 sic,
636 3041 675 3100 ut
693 3034 727 3100 in
742 3033 974 3123 antiquissimis
996 3035 1087 3102 libris
1108 3034 1272 3125 scripturn

171 3146 241 3224 est,
273 3159 549 3229 supraponere,
579 3136 618 3205 iis
641 3144 772 3205 tantum
795 3137 942 3228 receptis
971 3135 1271 3225 emendationibus,

172 3263 259 3331 quae
273 3242 362 3309 omni
381 3241 445 3309 sint
460 3239 665 3308 dubitatione
682 3261 818 3308 vacuae

276 3429 366 3522 Οἴην
377 3425 446 3518 μὲν
462 3423 617 3519 φίλος
578 3451 656 3505 νιος
669 3418 848 3520 ἀνήγαγεν
865 3417 1042 3548 Οἰάγροιο

323 3523 545 3651 Αγριόιτην,
571 3525 741 3624 Θρῇσσαν
763 3521 994 3618 στειλάμενος
1007 3520 1186 3626 νιθαρην,

273 3623 429 3728 ᾆδόθιν,
455 3632 626 3705 ἔπλευσεν
647 3631 686 3704 δὲ
702 3625 811 3705 tundo
829 3629 888 3703 ναὶ
904 3627 1063 3706 ἀπειθέα
1081 3631 1218 3729 χαῖρον,

234 4016 431 4102 *)drrisn.
445 4020 483 4082 de
497 4021 607 4104 exped.
621 4020 707 4082 Alex.
724 4019 787 4080 Vll
809 4023 860 4088 29.

255 4141 286 4202 3.
309 4139 488 4248 Suspectum
519 4141 616 4200 habeo
647 4134 777 4203 ιῖιιιιθὲα
804 4144 910 4240 χαῖρον.
960 4104 1115 4212 Quantum
1139 4138 1270 4216 intersit,

171 4231 274 4283 utrum
296 4227 393 4303 χώρας
417 4246 454 4284 au
467 4220 566 4304 Ἀΐδης
585 4225 702 4290 dicatur
718 4220 869 4305 α’νιειθης,
891 4244 978 4284 nemo
998 4245 1058 4284 non
1072 4224 1165 4297 videt.
1209 4224 1270 4284 Ma-

169 4302 437 4460 lvipplitdpaqqpiaf
413 4331 476 4372 sive
493 4311 519 4370 is
532 4311 706 4390 ignorabilis
719 4309 991 4390 intelligendus,
967 4331 1033 4372 srva
1052 4330 1092 4371 ex
1110 4331 1172 4391 quo
1187 4310 1269 4370 nulla
