2842 4920
223 359 289 423 844
474 349 763 415 lucuuuluulvn
790 350 905 413 nunu
924 349 1077 415 rubrus

227 555 316 615 ctum
336 544 505 615 redderet.
558 545 647 613 Nam
666 543 760 612 nimis
781 542 937 636 profecto
955 541 1151 613 incredibile
1172 536 1329 617 omnibus

226 648 334 717 videri
354 657 506 743 oportet,
540 670 745 738 quemquam
772 647 943 715 hominem
964 654 1071 714 totum
1093 669 1136 716 ex
1162 649 1330 739 perversi·

226 761 295 821 tate
313 759 348 821 et
365 753 492 821 malitia
512 774 587 819 esse
608 749 841 842 compositum
891 750 940 817 Et
960 749 1134 838 quomodo
1154 750 1199 819 de
1218 773 1274 819 me
1294 750 1330 819 id

228 854 368 923 credent
386 855 434 922 illi
457 877 542 946 quos
563 853 757 922 abstrahere
777 876 799 920 a
813 875 869 921 me
891 852 1048 921 adnititur
1065 852 1233 922 auditores
1251 855 1330 942 mei,

228 980 373 1049 quorum
394 958 502 1026 nullos
522 979 683 1046 umquam
703 979 758 1025 me
778 957 812 1024 in
834 954 974 1039 scholis,
1000 955 1095 1045 qnod
1117 957 1203 1024 solet
1222 958 1331 1024 male-

228 1062 313 1130 volis
340 1061 662 1152 opportunissimum
692 1053 835 1131 dunusci
864 1058 1018 1126 vincendi
1045 1058 1215 1127 theatrum
1245 1083 1331 1146 esse,

229 1163 414 1255 quidquam
438 1164 472 1232 in
494 1186 572 1232 eum
594 1164 649 1232 vel
671 1163 794 1231 acerbe
814 1162 869 1229 vel
893 1161 1006 1251 inique
1028 1162 1084 1231 vel
1109 1162 1332 1232 irreverenter

229 1268 399 1336 dicentem
423 1265 573 1335 audivit?
622 1265 758 1333 Etenim
785 1287 851 1357 ego
885 1262 930 1331 ad
955 1264 1019 1332 ista
1048 1264 1131 1355 quid
1156 1265 1331 1335 facerem?

231 1369 335 1455 Quod
348 1370 432 1439 feci:
458 1369 550 1438 nihil.
602 1370 691 1437 Nam
712 1367 974 1436 defenderemne
993 1368 1045 1435 vel
1062 1366 1153 1436 dicta
1168 1369 1224 1436 vel
1243 1369 1333 1436 facta

230 1473 332 1542 mea?
383 1474 430 1540 nt
454 1473 501 1541 sic
522 1472 690 1543 existimo:
716 1471 786 1541 veri
808 1472 837 1539 si
854 1469 937 1560 quid
953 1470 1110 1558 dixerim,
1137 1471 1247 1563 (poto
1269 1494 1333 1540 au·

230 1586 301 1645 tem
320 1584 448 1643 tantum
470 1576 587 1644 saltem
609 1575 748 1663 dixisse,
780 1583 942 1663 quantum
965 1575 1009 1642 ab
1031 1575 1107 1666 ipso
1133 1573 1333 1666 adoptatum

231 1678 356 1770 video)
373 1677 408 1745 id
425 1700 494 1746 non
509 1679 616 1746 rninus
630 1699 840 1762 mansurum,
861 1698 964 1766 quam
981 1677 1185 1768 periturum,
1203 1676 1333 1767 siquid
1395 1758 1398 1763 Ι

231 1783 308 1874 ipse
330 1803 398 1849 non
423 1782 494 1850 veri
515 1781 649 1864 dixerit3
676 1780 787 1848 animo
809 1790 921 1848 autem
942 1802 1045 1869 qoam
1068 1781 1140 1870 quis
1165 1780 1221 1847 vel
1242 1781 1333 1849 bono

232 1886 287 1953 vel
314 1906 440 1976 magno
468 1885 525 1972 sit,
559 1907 665 1975 penes
683 1884 766 1952 alios
794 1882 916 1951 decere
944 1882 1102 1951 indicium
1130 1905 1223 1970 esse,
1256 1884 1336 1972 quia

233 2009 332 2057 suum
361 1987 507 2055 animum
535 1986 681 2055 laudanti
707 2009 775 2054 non
803 1987 880 2078 plus
906 1984 986 2053 fidei
1011 1994 1061 2054 est
1089 2008 1190 2074 qnam
1213 1986 1336 2077 virgini

232 2091 366 2159 iactanti
394 2090 618 2181 virginitatem
647 2112 751 2157 suam.
810 2091 865 2157 An
887 2111 968 2156 vero
990 2087 1085 2178 quod
1108 2087 1153 2157 de
1173 2088 1337 2157 industria

234 2217 290 2261 me
306 2193 486 2283 vituperari
501 2192 669 2274 viderem,
695 2192 856 2281 quodque
870 2191 1027 2259 conviciis
1045 2200 1080 2281 et
1100 2191 1134 2259 in
1151 2191 1285 2285 scriptis
1302 2200 1337 2259 et

232 2296 268 2363 in
282 2293 498 2362 familiaribus
517 2293 691 2383 colloquiis
710 2295 797 2384 peti,
824 2317 886 2386 par
901 2295 974 2385 pari
986 2293 1174 2363 referrem?
1224 2295 1335 2380 Absit,

235 2407 273 2466 nt
293 2396 593 2490 reprehensionem
618 2397 756 2465 refutari
778 2397 922 2465 vicissim
951 2396 1237 2487 reprehendendo
1259 2421 1336 2466 cre-

236 2501 335 2583 dam3
364 2499 607 2592 proscindique
631 2500 788 2569 conviciis
811 2522 878 2567 non
897 2499 1068 2588 honestius
1090 2500 1213 2569 ducam
1234 2523 1337 2590 qnam

236 2613 355 2673 contra
376 2605 539 2696 ingerere.
592 2605 647 2672 An
666 2604 754 2672 forte
774 2601 957 2672 ulciscendi
979 2626 1113 2690 caussa,
1141 2612 1178 2670 ut
1199 2604 1337 2693 quidam

236 2707 362 2792 solent,
402 2708 545 2786 amicos,
582 2705 764 2798 discipulos
791 2728 903 2790 meos,
941 2726 1043 2773 eosve
1073 2708 1131 2796 qui
1160 2706 1225 2798 ipsi
1255 2708 1337 2776 laesi

238 2820 348 2878 essent
377 2810 589 2900 indigerem,
627 2819 665 2877 ut
693 2807 737 2876 ad
761 2808 1035 2900 persequendum
1058 2808 1338 2900 perdendumque

238 2913 454 2980 convolarent
474 2913 582 2979 virum
600 2911 683 2979 mibi
700 2911 881 2980 infestum?
909 2913 954 2978 At
969 2934 1032 2979 nec
1050 2902 1219 2981 vindictae
1239 2915 1338 3007 cupi-

208 3013 302 3085 udus
326 3038 417 3101 som,
449 3037 561 3105 neque
591 3037 657 3106 pro
680 3037 736 3082 me
760 3015 841 3083 alios
866 3014 941 3082 telis
965 3013 1145 3083 adversarii
1167 3038 1338 3107 exponere

238 3120 336 3203 volo,
362 3142 474 3208 neque
488 3120 625 3186 omnino
638 3127 780 3211 propter
797 3118 892 3186 unios
905 3118 966 3184 viri
985 3118 1141 3186 iniustam
1154 3118 1240 3187 iram
1254 3138 1336 3189 coo·

238 3221 310 3290 llari
338 3222 465 3290 bellum
498 3222 686 3289 Troianum
721 3243 847 3312 operae
885 3220 1031 3312 pretinm
1065 3222 1216 3293 aestimo.
1284 3223 1339 3290 An

238 3347 341 3412 vero,
368 3326 525 3412 quoniam
540 3322 608 3391 hoc
625 3345 762 3413 quoque
778 3323 915 3413 quidam
932 3323 1075 3410 faciunt,
1097 3325 1339 3394 contumeliose

240 3426 335 3494 dictis
360 3449 571 3518 opponerem
595 3449 682 3515 qnae
710 3426 764 3493 alii
792 3427 826 3492 in
858 3425 994 3493 laudem
1023 3449 1134 3495 meam
1168 3427 1338 3513 dixissent,

240 3552 376 3618 quoqne
397 3531 505 3622 magis
527 3529 732 3616 laudassent,
759 3538 851 3597 tanto
867 3552 925 3596 eos
941 3529 1023 3596 mihi
1036 3530 1242 3621 potentiores
1255 3530 1339 3599 deos

240 3633 396 3700 tutelares
419 3632 492 3701 fore
522 3632 768 3702 existimarem?
819 3634 866 3699 At
887 3654 950 3699 nec
982 3632 1088 3701 laudis
1119 3644 1187 3700 tam
1211 3634 1340 3720 avidus,

241 3757 343 3825 quam
369 3736 434 3818 illi,
473 3758 584 3826 neque
613 3734 860 3826 vituperationis
883 3743 954 3802 tam
983 3744 1135 3804 metuens
1157 3757 1251 3818 sum,
1281 3735 1341 3826 qui

240 3837 344 3906 sciam
362 3861 463 3928 quom
483 3839 574 3907 facili
588 3860 694 3930 opera
711 3839 873 3906 utrumvis
891 3838 1056 3931 pariatur,
1083 3862 1146 3907 nec
1159 3847 1274 3907 tamen
1288 3840 1341 3906 vi·

240 3939 342 4008 deam
357 3943 482 4010 utrovis
506 3943 610 4010 ullum
630 3940 802 4009 hominem
824 3941 879 4009 vel
897 3941 1072 4011 meliorem
1089 3964 1192 4032 quam
1214 3953 1266 4010 est
1285 3942 1342 4010 vel

241 4041 441 4110 deteriorem
466 4046 608 4123 factum,
642 4046 815 4134 multoque
847 4044 1027 4137 optabilius
1057 4069 1131 4115 csse
1156 4045 1342 4138 intelligam

242 4146 457 4213 contumelias
473 4170 573 4237 quam
593 4146 729 4215 laudem
742 4168 810 4214 non
828 4148 988 4216 meruisse
1052 4148 1235 4237 Reliquum
1260 4157 1341 4233 erat,

243 4247 330 4315 utin
350 4247 400 4315 ius
420 4271 588 4324 vocarem.
642 4252 689 4318 nt
711 4259 745 4318 et
764 4250 981 4318 inhumanum
1004 4251 1192 4337 ducebam,
1215 4251 1341 4319 >facere

241 4359 279 4416 ut
291 4373 438 4442 poenam
452 4352 578 4438 lueret,
604 4352 658 4420 cui
672 4355 756 4445 ipse,
783 4352 876 4443 quod
891 4354 989 4437 animi
1007 4376 1075 4423 non
1089 4376 1231 4446 compos
1244 4364 1342 4441 esset,
