2842 4920
492 374 579 436 mn.
603 373 625 435 1.
670 376 820 443 cons.
1150 385 1203 453 ει,

77 567 217 637 fortuito
234 560 352 633 factae
367 589 435 633 non
459 565 560 635 solius
575 558 746 658 praeteriti
765 567 928 659 temporis
942 571 1101 663 propria,
1128 575 1191 643 sed

79 672 265 740 communis
277 679 470 760 temporum
480 672 630 739 omniurn
643 695 717 739 esse
728 672 944 757 existimetur,
957 698 1060 766 supra
1076 686 1191 744 osten·

80 776 198 843 dimus
254 773 359 859 Quod
376 774 403 840 si
422 774 450 840 is
465 796 544 842 usus
566 775 601 841 in
617 784 797 867 praesente
814 784 848 843 et
863 778 977 845 futuro
999 786 1069 847 tam
1085 803 1191 870 rarus,

79 901 183 969 qnam
203 876 365 965 frequens
383 877 418 943 in
439 879 626 967 praeteritis
647 888 716 967 est,
742 901 811 947 non
827 879 928 948 estid
946 880 1086 953 mirum:
1110 907 1192 954 narn

77 983 225 1050 rationes
237 981 325 1048 enim
337 980 410 1047 fere
425 980 459 1047 in
474 982 661 1075 praeteritis
674 972 857 1054 versantur.
883 982 954 1051 Sed
969 1007 1074 1074 quum
1092 989 1193 1057 etiam

78 1084 271 1178 praesentia
287 1083 468 1172 futuraque
484 1086 611 1152 narrari
625 1086 770 1176 possint,
795 1108 866 1153 non
879 1095 1007 1156 temere
1021 1089 1191 1182 damnem,

79 1187 187 1257 sicubi
204 1188 305 1261 etiam
326 1209 403 1254 cum
422 1185 474 1255 bis
492 1191 721 1279 temporibus,
748 1212 790 1257 ea
812 1189 950 1279 quidem
972 1192 1053 1287 lege
1074 1196 1192 1286 quain

79 1291 279 1384 praeteritis,
307 1287 354 1361 οἶν
375 1291 589 1359 coniunctum
603 1293 800 1384 reperiatur.

182 1395 284 1462 Nunc
297 1393 436 1483 quidem
450 1417 519 1462 non
530 1395 593 1463 nisi
604 1419 710 1464 unum
721 1397 755 1463 in
773 1396 936 1488 promptu
950 1394 1065 1468 habeo
1078 1422 1191 1482 exem·

79 1499 193 1592 plum,
221 1497 325 1587 idque
346 1497 445 1565 valde
468 1498 628 1589 dubium,
655 1499 960 1595 apud-Isocratem
1012 1502 1192 1574 Sublatum

58 1686 64 1693 Ι
82 1613 129 1670 est
140 1602 231 1670 enim
243 1601 278 1667 in
296 1599 371 1668 cod.
388 1601 506 1670 Vrbin.
524 1603 594 1671 sire
611 1603 775 1670 librorum
787 1602 876 1689 fide,
905 1603 974 1672 sive
996 1607 1091 1693 qnod
1108 1608 1191 1676 He-

81 1706 219 1774 liconius
243 1704 382 1793 eiusque
411 1705 493 1772 socii
518 1705 610 1773 illam
634 1705 914 1773 constructionem
935 1728 1004 1774 non
1025 1710 1192 1799 putabant

81 1808 256 1878 ferendam
277 1831 361 1876 esse.
411 1808 679 1901 lnPanegyrico
692 1810 748 1877 ille
770 1833 799 1877 c.
815 1807 876 1877 48
895 1803 931 1902 §.
949 1808 1086 1903 2141)
1104 1811 1190 1882 luz.

82 1912 131 2004 [p.
153 1910 243 1984 lll.
261 1910 389 2003 Lang.)
415 1911 460 1978 ad
480 1912 606 1981 bellurn
624 1913 736 1981 Persis
758 1911 971 1980 inferendum
996 1914 1191 2044 adhortans,

81 2015 130 2084 bis
152 2015 264 2083 verbis
291 2008 642 2110 antecedensque
666 2011 774 2095 οὗτος
794 2042 814 2087 ο
806 2008 994 2144 πόλεμος
1016 2017 1190 2114 κρείττων

82 2112 220 2215 εἰρήνης
234 2115 324 2206 ἐστι’,
341 2117 481 2214 θεωρίᾳ
495 2118 565 2246 μέν
580 2117 761 2212 μᾶλλον
737 2146 759 2215 η
776 2117 952 2214 στρατείᾳ
967 2118 1191 2245 προςεοικιές,

83 2218 306 2317 ἀμφοτέροις
324 2221 361 2294 δέ·
383 2222 597 2317 συμφέρων,
623 2222 684 2294 καὶ
707 2227 783 2301 τοῖς
803 2218 955 2319 ἐσυχέαν
976 2221 1078 2316 ἄγειν
1102 2232 1191 2317 βου·
1234 2260 1239 2269 ’

82 2325 248 2417 λομένοις
271 2322 331 2395 καὶ
361 2329 438 2404 τοῖς
463 2328 636 2417 πολεμεῖν
664 2324 921 2416 ἐπιθυμοῦσιν
956 2326 1098 2406 ἐξεσται
1118 2349 1190 2453 γαρ

83 2426 124 2500 ἐν
141 2432 221 2506 τοῖς
235 2424 304 2516 μέν
320 2423 430 2506 ciderio
449 2452 498 2498 τα
521 2423 671 2550 σφέτερ’
688 2423 808 2500 αὐτων
824 2426 1080 2552 καρποῦσθαι,
1113 2437 1193 2512 τοῖς

83 2527 147 2603 δ”
132 2557 170 2603 εκ
185 2528 260 2601 τῶν
276 2525 476 2627 αλλοτρέων
490 2524 670 2654 μεγάλους
683 2524 862 2609 πλούτους
876 2523 1190 2625 κατακτήσασθαι

84 2633 204 2702 Codex
217 2632 416 2700 Vrbinas
379 2659 434 2726 ειη
451 2659 521 2728 γαρ
540 2662 595 2704 αν.
640 2634 694 2702 Ac
707 2655 786 2702 sane
799 2633 941 2716 ἐξεσται
956 2633 1062 2702 videri
1076 2644 1192 2727 potest

84 2760 122 2805 ex
136 2736 460 2826 interpretationem
471 2745 598 2805 textum
613 2738 755 2820 venisse,
779 2737 979 2829 praesertim
992 2760 1096 2826 quum
1113 2762 1191 2809 sae·

83 2840 155 2932 pius
168 2839 309 2932 vulgata
326 2840 445 2920 lectio,
473 2863 500 2907 ει
489 2840 561 2907 ad
579 2840 655 2909 libri
675 2841 845 2911 Vrbinatis
871 2841 1072 2933 scripturam
1093 2865 1190 2911 com-

84 2951 238 3035 paretur,
279 2943 558 3035 interpretationis
583 2944 731 3033 speciem
760 2966 846 3036 prae
874 2966 911 3010 sc
937 2945 1033 3012 ferat
1091 2946 1191 3014 Patet

84 3069 184 3131 vero,
209 3045 236 3113 si
255 3055 347 3115 recte
364 3070 400 3116 sc
414 3046 519 3114 babet
538 3047 679 3126 ἐξέσται
697 3043 762 3133 οἷν,
784 3067 925 3135 prorsus
946 3045 1068 3113 eodem
1085 3047 1191 3115 modo

84 3149 211 3217 dictum
225 3172 316 3235 esse,
340 3158 378 3218 nt
392 3148 472 3245 ἐξῆν
486 3146 532 3220 οἷν
551 3148 742 3237 diceretur,
761 3148 789 3215 si
803 3168 857 3214 res
871 3146 935 3214 ista
948 3156 1036 3215 esset
1054 3156 1191 3240 tempo-

83 3254 123 3320 ris
137 3253 321 3344 praeteriti.
373 3253 451 3321 Hac
474 3252 545 3320 sola
565 3251 712 3339 ratione,
735 3252 763 3319 si
784 3250 948 3342 scriptura
963 3258 1056 3319 recte
1070 3273 1106 3320 se
1123 3251 1191 3323 ba-

83 3356 149 3441 bet,
178 3354 316 3424 defendi
330 3356 437 3448 possit
448 3356 544 3424 locus
563 3355 732 3424 Herodoti
745 3355 804 3423 ΠΙ.
819 3352 903 3421 104.
920 3360 957 3427 οἱ
972 3352 1010 3427 δέ
1024 3347 1069 3451 δή
1080 3351 1192 3430 Ἰνδοὶ

82 3451 207 3554 τρόπῳ
225 3485 383 3553 τοιουτω
403 3487 462 3531 και
483 3452 593 3544 ζευξει
610 3452 818 3582 χρεώμενοι
833 3451 1063 3530 ἐλαύνουσι
1045 3485 1103 3532 επι
1122 3486 1192 3532 τον

82 3555 218 3684 χρυσόν
232 3559 538 3655 λελογισμένως,”
516 3588 604 3642 οιιως
626 3559 671 3633 υἲι
693 3554 890 3651 καυμάτων
903 3561 978 3632 τοῖν
994 3555 1191 3657 θερμοτα-

81 3691 153 3736 των
175 3656 311 3736 ἐόντων
335 3666 481 3738 ἔσονται
506 3669 544 3736 ἐν
567 3662 614 3759 τῇ
636 3661 790 3760 ἁρπαγῇ.
852 3663 959 3748 Quasi
990 3663 1100 3751 dicas,
1137 3672 1190 3755 ut,

83 3766 224 3860 quoties
237 3765 467 3889 idsaca'unt,
471 3739 628 3859 saciant
638 3768 789 3836 maxime
782 3766 942 3835 caloris
960 3769 1132 3858 tempore.

183 3870 330 3939 Alterius
351 3872 502 3964 generis,
527 3871 562 3938 in
587 3893 655 3961 quo
672 3869 718 3944 ἐν
738 3871 888 3939 iunctum
906 3868 1044 3959 quidem
1064 3869 1190 3961 futuro,

82 3971 143 4041 sed
160 3982 390 4043 constructum
405 3997 482 4042 cum
499 3974 569 4041 aliis
583 3974 694 4043 verbis
715 3982 775 4061 est,
803 3974 910 4040 multo
921 3973 1021 4064 plura
1035 3976 1191 4067 exempla

80 4075 307 4146 inveniuntur:
333 4101 478 4168 quornm
491 4079 552 4146 etsi
566 4077 725 4145 nonnulla
741 4083 995 4167 suspectarum,
1011 4086 1124 4146 tamen
1136 4101 1190 4147 res

82 4177 155 4271 ipsa
169 4181 313 4250 maxime
322 4183 454 4250 videtur
470 4182 573 4249 dubia
584 4203 667 4253 esse.
694 4179 799 4271 Apud
808 4178 990 4247 Pindarum
1001 4181 1099 4249 Nem.
1114 4181 1190 4250 Vll.
1291 4187 1293 4189 ’

84 4281 169 4350 10⁰.
180 4281 530 4378 (68)vu1g01egitur:
552 4276 687 4374 μαθων
697 4284 739 4357 δέ
743 4309 797 4361 τις
805 4281 850 4352 ov
859 4287 945 4376 ἐρεῖ,
955 4286 987 4355 εἰ
1000 4277 1192 4377 παρμέλος

83 4383 240 4480 ἔρχομαι
256 4389 386 4484 ψέγων
407 4387 522 4487 ὄαρον
536 4387 701 4462 ἐννέπων.
752 4383 963 4477 Boeckhius,
988 4395 1080 4455 recte
1102 4386 1190 4454 iudi-
