2842 4920
289 360 342 426 un
361 361 698 457 mscumlonmvs
720 363 948 441 Qvlnvsoln
967 367 1144 434 GRAECIS.
1208 375 1276 444 m

155 552 320 637 stimarm,
346 551 513 643 siquidem
538 576 650 644 neque
676 551 848 624 Hesselins
873 557 1060 648 quidquam
1084 559 1130 630 de
1149 562 1272 636 lacuna

155 656 260 744 dixit,
296 679 409 746 noque
435 657 469 724 in
495 658 629 748 pictura
659 659 765 728 ullum
792 661 927 729 deletae
953 663 1141 754 scripturae
1167 653 1270 736 vesli-

106 812 112 829 ,
157 761 256 852 giam
287 760 445 828 cernitur.
504 761 598 846 Quin
631 763 658 830 si
690 762 773 852 quid
806 765 866 832 illo
900 765 936 834 iu
969 767 1075 835 latere
1109 770 1272 863 scriptum

156 863 293 952 fuisset,
328 864 406 955 plus
439 865 537 956 spatii
570 874 641 952 est,
681 889 785 957 quam
809 876 848 936 ut
871 890 942 937 uon
965 870 1073 939 multo
1097 874 1207 942 maior
1235 887 1271 944 et

155 967 285 1058 plures,
311 990 415 1056 quam
439 967 549 1035 visum
576 978 628 1038 est
648 969 843 1056 Welclroro‚
868 994 985 1042 versus
1011 976 1191 1066 complexa
1216 978 1269 1046 la-

155 1093 262 1138 cuna.
280 1081 371 1138 esset
400 1072 574 1143 sumenda
623 1072 678 1140 Ex
709 1096 781 1164 quo
813 1077 1027 1166 consequitur
1052 1078 1188 1149 bcunas
1214 1091 1267 1150 te-

155 1196 252 1242 mere
276 1196 299 1240 a
323 1173 507 1244 Welckero
532 1197 607 1244 esse
633 1178 804 1247 confictas.

154 1316 158 1330 ι
260 1276 361 1362 Quae
385 1278 571 1364 retulimus,
601 1280 827 1350 saumatam
848 1282 895 1351 ob
921 1305 1073 1350 caussam
1095 1307 1266 1354 memora·
1376 1303 1380 1308 ·

154 1379 237 1448 bilia
263 1389 352 1453 sunt.
403 1382 493 1450 Nam
521 1381 695 1451 Hasselirs
721 1407 826 1474 quum
853 1386 1087 1476 inscriptiones
1116 1411 1189 1459 uon
1221 1390 1266 1459 ab

152 1504 225 1551 uara
249 1482 439 1574 eademqne
464 1487 727 1578 manuscriptas
753 1488 859 1556 videri
876 1487 969 1578 dixit,
1000 1511 1068 1557 nou
1087 1513 1176 1582 opus
1199 1491 1266 1560 ha·

153 1586 230 1654 buit
249 1587 436 1678 quidquam
460 1588 600 1675 addere,
626 1592 786 1680 quoniam
805 1592 914 1682 pictas
940 1613 1008 1679 eae,
1034 1593 1126 1661 utin
1148 1595 1265 1686 lapide

151 1699 249 1778 sunt,
274 1690 388 1759 dabat
439 1691 497 1761 Ad
520 1692 615 1782 quod
641 1694 669 1761 si
693 1693 894 1764 Welokerus
919 1695 1106 1785 respondet
1130 1697 1179 1766 de
1203 1699 1264 1767 ‹12⁰-

152 1815 267 1863 oerao
290 1817 405 1864 mona
430 1795 574 1866 omuino
600 1795 744 1882 dubito,
775 1798 887 1892 primo
913 1799 1021 1866 lector
1044 1799 1151 1868 nescit
1180 1802 1264 1891 quid

152 1896 224 1965 lroc
248 1898 309 1986 sit,
350 1900 429 1988 quia
453 1921 566 1989 neque
592 1901 769 1991 quomodo
794 1911 995 1992 comparata
1019 1902 1062 1972 sit
1087 1904 1262 1995 scriptura,

151 2023 265 2090 neque
290 2001 350 2070 nbi
373 2003 469 2094 prior
492 2025 611 2073 manus
637 2003 789 2093 desierit,
815 2006 922 2075 altera
952 2013 1064 2074 autem
1095 2007 1263 2099 inceperit

152 2105 313 2192 scabere,
338 2106 471 2198 accipit.
504 2106 639 2177 Deinde
664 2131 748 2181 vero
768 2109 870 2179 etiam
893 2131 1032 2200 prorsus
1053 2108 1123 2178 sine
1147 2132 1263 2181 caussa

151 2208 203 2276 sic
218 2210 453 2300 pronunciavit
471 2208 679 2282 Welclrerus.
718 2213 818 2282 Patet
835 2213 924 2283 enim
947 2213 1148 2304 scripturam
1166 2215 1261 2306 apud

150 2310 346 2381 llesseliunr
363 2313 599 2404 consideranti,
624 2337 839 2407 nequaquam
861 2317 956 2389 illum
977 2327 1105 2386 temere
1128 2316 1172 2386 de
1193 2316 1262 2386 du-

151 2414 235 2507 plici
257 2438 361 2485 mauu
387 2417 563 2509 cogitasse.
614 2418 705 2486 Nam
731 2421 897 2487 sinuum
921 2420 1020 2507 latus,
1046 2418 1082 2485 in
1105 2442 1175 2509 quo
1197 2421 1262 2488 tria

151 2518 267 2610 priora
292 2517 436 2589 disticha
461 2530 556 2604 sunt,
591 2520 719 2610 ubique
748 2520 902 2589 rotundis
935 2521 1090 2588 ductibus
1115 2522 1261 2613 praebet

151 2623 208 2708 Ε,
236 2622 288 2709 Θ,
316 2627 369 2707 O,
393 2628 451 2711 Σ,
477 2645 542 2690 uec
570 2622 635 2691 nisi
658 2633 712 2691 ter
732 2627 770 2697 Ε
794 2624 906 2691 forma
930 2623 1114 2713 quadrata,
1155 2625 1260 2692 semel

151 2745 253 2792 versu
281 2727 381 2794 tertio
407 2725 560 2813 decimo,
603 2727 682 2818 quia
700 2729 785 2811 ME
818 2726 987 2797 communi
1018 2726 1113 2794 linea
1132 2725 1260 2796 cohae-

148 2835 245 2925 rent3
278 2826 401 2897 deinde
427 2829 461 2897 in
487 2830 602 2897 litteris
629 2848 719 2921 qnae
742 2851 807 2921 pro
836 2830 945 2900 dubiis
969 2829 1137 2898 habentur
1161 2853 1261 2900 versu

151 2940 248 3000 sexto
261 2929 394 3000 decimo
408 2942 448 3024 et
461 2930 754 3015 duodevicesimo;
779 2937 813 3005 0
825 2934 935 3017 littera
956 2942 1068 3002 autem
1084 2934 1146 3019 bis,
1161 2956 1259 3003 versu

151 3035 317 3126 septimo,
358 3044 393 3103 et
417 3035 503 3105 inter
529 3036 655 3103 litteras
678 3035 802 3126 ,dubias
827 3058 936 3117 versu
953 3036 1098 3126 septimo
1125 3036 1259 3104 decimo

151 3137 318 3228 quadrata
343 3147 410 3227 est,
437 3147 530 3207 stans
555 3138 589 3206 iu
609 3139 755 3230 angul03
783 3140 872 3211 oet
888 3143 929 3211 Σ
950 3160 1033 3206 vero
1058 3137 1259 3228 quadratam

151 3241 298 3310 formam
331 3264 497 3331 nusquam
528 3241 665 3310 habent
716 3243 764 3310 At
791 3242 826 3309 iu
859 3241 966 3309 altero
995 3241 1100 3310 latere
1134 3241 1257 3332 lapidis

112 3409 116 3420 ,
151 3345 234 3412 istae
255 3353 414 3433 quattuor
431 3346 560 3413 litterae
577 3368 695 3413 omnes
717 3345 845 3434 ubique
864 3344 992 3413 habent
1007 3344 1151 3413 formam
1171 3368 1258 3435 qua-

152 3447 294 3533 dratam,
320 3471 383 3516 nec
408 3448 546 3517 nisibis
571 3436 736 3517 iuvenitur
757 3452 791 3520 0
810 3446 1003 3535 rotundum,
1030 3448 1134 3516 semel
1159 3471 1258 3518 versu

152 3549 304 3637 decimo,
338 3560 373 3619 et
405 3548 570 3618 minutum
605 3573 705 3619 versu
730 3551 885 3643 septimo.
930 3552 1039 3620 Porro
1066 3551 1101 3618 in
1127 3550 1258 3619 sinistro

152 3653 258 3722 latere
290 3653 344 3722 bis
376 3663 505 3722 tanturn
537 3653 627 3741 duae
653 3655 783 3723 litterae
808 3656 978 3723 communi
1002 3655 1090 3746 linea
1114 3654 1257 3738 iunctae,
1332 3675 1336 3679 ·

150 3757 374 3850 uersu-tertio
400 3756 553 3842 decimo,
578 3780 721 3847 quarum
749 3779 853 3849 supra
877 3758 1082 3829 mentionem
1107 3755 1258 3842 fecimus,

150 3859 255 3942 ME,
288 3870 323 3927 et
348 3860 383 3928 iu
406 3861 518 3952 primo
543 3883 644 3930 versu
668 3860 757 3934 ΝΔ.
807 3860 851 3928 In
870 3860 988 3929 dextro
1014 3868 1128 3927 autem
1153 3859 1258 3929 latere

117 3949 121 3971 ¹
152 3961 277 4055 septies
304 3972 339 4030 et
362 3963 463 4032 vicies
490 3962 577 4032 duae
601 3960 792 4032 istomodo
812 3963 944 4032 litterae
963 3963 1141 4054 copulatae
1164 3972 1259 4045 suut3

150 4065 257 4134 sexies
283 4074 420 4149 teruae3
446 4067 552 4139 semel
576 4065 665 4134 adeo
690 4072 884 4156 quaternae.
917 4067 1095 4135 Postremo
1121 4065 1155 4134 in
1176 4066 1257 4134 sini-

150 4175 222 4237 stro
232 4169 342 4238 latere
367 4171 452 4238 fines
477 4178 662 4239 metrorum
674 4176 803 4261 puncto
829 4177 995 4257 notantur,
1021 4179 1258 4261 praeterquam
1304 4164 1305 4167 ’

149 4292 252 4340 versu
278 4274 435 4364 septimo,
458 4273 495 4342 in
520 4295 591 4363 quo
616 4294 760 4341 curvum-
782 4294 914 4345 comma
939 4280 1001 4359 est,
1027 4271 1258 4362 quoduescio
1370 4303 1377 4309 ·

149 4397 194 4443 an
221 4375 327 4444 errori
351 4376 571 4449 tribuendum
590 4377 642 4463 sit,
668 4396 777 4465 aeque
802 4384 840 4445 nt
858 4375 1072 4544 acceutqsyqn
1101 4378 1133 4446 0
1160 4395 1257 4440 versu
