2842 4920
214 357 280 421 cro
350 346 354 359 ’
487 351 539 411 os
562 349 747 412 unnsvm
762 347 988 423 vnnrvsovu
1006 343 1056 411 οι.

215 537 357 610 lemonis
387 536 580 631 fragmento
610 537 731 608 CVIII.
766 533 829 610 95.
863 535 957 626 quod
989 534 1036 604 sic
1075 530 1326 603 emendandum

217 643 369 714 ridetur:

321 785 427 865 πόλλ’
447 791 547 866 ἔστιν
572 798 612 868 ἐν
637 796 826 873 πολλαῖσιν
854 791 983 875 οἰκίαις
1007 785 1120 881 ναιιοί,

323 911 481 994 diuoluit
506 910 597 986 ὅταν
624 914 781 1008 ἐνέγκῃς,
807 905 936 1005 dyada?
959 906 1162 1009 γενήσεται.

277 1084 376 1153 ,Ηοο
405 1081 508 1174 igitur
540 1077 604 1156 εὀίν
637 1084 672 1150 in
704 1081 750 1155 oio
782 1091 991 1151 contractum
1018 1081 1141 1172 corripi
1169 1077 1329 1148 credide-

220 1197 298 1259 runt
321 1186 505 1271 Heathius,
532 1185 724 1253 Brunckius
733 1240 746 1275 ,
773 1187 964 1272 Iacobsius‚
998 1184 1175 1252 novissime
1199 1192 1327 1271 autem,

220 1291 315 1384 quod
335 1311 402 1384 ego
429 1287 566 1378 quidem
593 1288 711 1372 sciam,
739 1289 960 1374 Schaeferus‚
984 1287 1040 1377 qui
1065 1288 1099 1354 in
1123 1285 1234 1354 indice
1249 1286 1328 1353 Ho-

220 1395 306 1465 meri
328 1416 365 1484 p.
389 1388 474 1459 147.
514 1414 619 1481 quum
648 1391 834 1461 Heathium
867 1400 901 1460 et
932 1390 1142 1459 anckium
1174 1397 1329 1456 auctores

221 1495 420 1585 nominavit,
460 1494 532 1562 iure
570 1496 770 1564 memoravit
800 1492 964 1564 Brunclrii
1001 1492 1253 1561 adnotationem
1285 1490 1332 1559 ad

222 1597 395 1689 Aristoph.
429 1597 516 1669 Plut.
538 1595 625 1666 482.
661 1621 729 1668 non
753 1601 835 1668 item
861 1599 961 1666 aliam
987 1597 1032 1664 ad
1062 1597 1241 1665 sententias
1264 1617 1332 1662 co-

222 1704 389 1772 micorum
420 1723 458 1791 p.
481 1698 569 1770 336.
609 1703 679 1769 sive
712 1702 881 1772 secundae
920 1700 1072 1769 editionis
1107 1723 1142 1791 p.
1171 1696 1259 1769 269.
1296 1696 1333 1764 iu

224 1829 292 1895 qua
317 1803 361 1871 de
382 1803 497 1893 quinto
520 1803 611 1896 pede
636 1806 776 1873 trimetri
802 1827 912 1875 sermo
939 1812 999 1873 est
1061 1802 1193 1871 Tuetur
1219 1808 1333 1868 autem

225 1907 474 1999 correptionem
503 1907 602 1975 istam
628 1908 833 1978 Schaeferus
862 1907 995 1976 duobus
1027 1907 1062 1975 in
1088 1929 1176 1997 quae
1201 1903 1333 1972 incide-

223 2020 277 2080 rat
302 2009 481 2101 exemplis,
507 2032 575 2078 uno
594 2010 768 2105 Euripidis
794 2014 829 2081 in
848 2011 962 2104 lphig.
984 2010 1062 2081 Aut
1082 2008 1195 2078 1192.
1235 2007 1332 2077 Hea-

224 2113 288 2183 tbii
312 2113 462 2206 probans
486 2115 729 2185 coniecturamt

766 2266 821 2348 τίς
847 2267 885 2341 δι’
910 2264 971 2340 ιιαί
994 2264 1263 2363 προςβίίψιται
1338 2276 1341 2283 ’
1367 2308 1373 2317 ·

329 2382 469 2458 παίδων
495 2381 552 2475 o',
593 2385 639 2460 ἄν
666 2382 787 2460 αὐτῶν
818 2387 1047 2485 προθέμενος
1072 2381 1203 2481 ιιτοίνῃς
1228 2376 1334 2477 τινοίς

226 2560 352 2646 altero,
384 2579 484 2626 versu
506 2556 670 2644 heroico,
704 2579 808 2649 quem
840 2580 882 2626 ex
913 2557 1087 2626 Plutarchi
1118 2556 1209 2626 Mor.
1240 2557 1285 2626 T.
1307 2556 1333 2625 I.

225 2687 261 2754 p.
281 2661 342 2730 99.
370 2660 424 2729 ed.
445 2660 619 2751 Wyttenb.
646 2662 667 2728 i.
694 2683 724 2728 e.
758 2683 801 2729 ex
828 2661 915 2730 libro
939 2662 983 2730 de
1014 2661 1187 2730 audiendis
1222 2661 1335 2754 poetis

227 2789 263 2856 p.
282 2762 342 2831 24.
370 2761 410 2832 C.
438 2762 554 2832 affert:

332 2928 424 3014 Ζειίς
444 2926 514 3029 γοίρ
541 2937 578 3005 οἱ
597 2932 751 3025 νεμέσα,
786 2931 832 3006 ἄν
852 2934 1020 3029 ἀμείνονι
1047 2937 1142 3033 φατὶ
1161 2930 1335 3031 μιίχοιτο.

228 3107 283 3176 De
315 3100 488 3196 Euripidis
520 3126 639 3186 versu,
674 3104 708 3171 in
741 3128 809 3195 quo
842 3108 917 3176 libri
948 3131 1065 3177 omnes
1098 3101 1163 3181 εἰίν
1195 3106 1336 3195 babent,

228 3232 297 3277 non
333 3208 530 3277 meminerat
570 3207 652 3297 quid
685 3208 855 3278 Porsonus
892 3211 1089 3280 coniecisset
1123 3211 1168 3278 ad
1203 3210 1334 3282 Phoen.

229 3310 342 3382 1373.
394 3310 466 3379 Sed
486 3319 600 3377 tamen
623 3312 758 3380 soloece
779 3313 959 3382 Porsonus.
1014 3314 1058 3382 G.
1082 3314 1277 3384 Dindorfius
1303 3313 1336 3381 in

229 3415 408 3483 novissima
431 3413 576 3481 editione
590 3414 825 3505 Aristophanis
849 3440 890 3485 eo
914 3441 983 3507 quo
1005 3417 1074 3484 dixi
1097 3419 1175 3485 loco
1201 3439 1338 3485 versum

229 3517 324 3585 illum
349 3541 416 3585 una
442 3539 518 3583 cunr
540 3518 668 3604 aliquot
693 3520 765 3586 aliis
792 3521 835 3586 ab
853 3521 993 3588 indocto
1013 3521 1073 3587 illo
1093 3518 1231 3588 homine
1253 3521 1337 3588 scri-

230 3723 460 3814 terpolaverit.
521 3721 611 3789 Mihi
642 3722 730 3791 haec
762 3726 949 3818 expeditior
981 3750 1083 3816 quam
1115 3729 1218 3795 tutior
1249 3728 1337 3794 ratio

231 3826 379 3907 videtur,
407 3825 633 3914 assentiorque
653 3826 806 3896 Porsono
832 3840 933 3918 atque
947 3830 1128 3920 Elmsleio,
1154 3830 1242 3896 haec
1268 3851 1339 3897 non

231 3928 265 3994 in
290 3928 552 4021 interpolationis
587 3931 811 4020 suspicionem
844 3933 1062 4002 trahentibus.
1124 3931 1338 4019 Elmsleium,

232 4032 291 4119 qui
323 4030 366 4097 ad
394 4030 483 4099 0ed.
516 4033 606 4125 Reg.
641 4031 754 4108 1460.
792 4032 842 4106 ἵν’
860 4033 982 4108 αὐτῶν
1017 4037 1216 4130 προέμενος
1244 4030 1339 4106 ιιτοί-

232 4159 292 4227 νῃς
317 4128 403 4205 τινα
425 4135 581 4223 couiecit,
614 4137 709 4223 quod
733 4148 889 4230 repetens
916 4140 961 4206 ad
990 4138 1139 4207 Medeae
1165 4163 1197 4210 v.
1223 4137 1338 4208 1919.

232 4245 301 4302 not.
327 4237 360 4304 d.
395 4236 555 4305 audacter
589 4261 625 4305 se
657 4244 872 4335 προέμενος,
918 4243 1108 4310 dubitanter
1142 4238 1190 4314 ἵν’
1220 4266 1339 4311 emen-

233 4339 314 4408 dare
340 4340 437 4428 dixit,
472 4363 539 4432 ego
567 4341 703 4432 quidem
729 4369 797 4414 non
823 4346 979 4416 debuisse
1009 4347 1239 4444 προθίμενος
1261 4370 1339 4416 mu-
