2842 4920
588 347 893 411 convalli.
1230 356 1297 419 m

186 538 267 630 quid
282 535 447 608 debuerit
498 536 553 605 Eo
573 537 753 628 optabilius
770 538 908 623 accidit,
935 540 962 608 si
978 540 1067 610 viam
1081 541 1228 632 aliquam
1244 543 1292 612 iu·
1313 556 1315 561 '

186 644 276 710 (licet
297 651 427 709 certum
447 663 556 732 genus
577 642 752 725 vitiorum,
787 634 858 731 quo
880 643 954 712 talis
979 645 1125 738 scriptor
1149 645 1292 716 affectus

184 747 233 815 sit.
286 747 402 835 Atque
415 745 450 811 in
469 743 618 812 Colutho
640 755 776 835 praeter
790 744 914 813 menda
926 747 1074 814 omnium
1087 750 1291 840 scriptorum

183 849 375 916 communia
403 856 472 914 tres
496 849 640 914 maxime
661 849 922 940 perturbationis
947 851 1040 918 modi
1066 853 1290 942 reperiuntur,

181 953 225 1020 ab
236 952 318 1043 ipsis
336 951 509 1019 monstrati
522 951 713 1037 codicibus,
738 953 897 1039 lacunae,
922 956 1195 1045 transpositiones
1210 980 1289 1024 ver-

180 1078 297 1134 suum,
329 1064 364 1122 et
385 1077 502 1122 manus
524 1055 732 1121 correctoris.
784 1056 839 1123 De
859 1056 984 1124 lacunis
1006 1057 1054 1124 sic
1078 1059 1290 1127 statuendum

178 1157 322 1225 videtur.
348 1158 464 1242 Quum
482 1157 648 1246 antiquior
663 1157 802 1227 caeteris
815 1160 928 1249 podex
944 1158 1143 1229 Mutinensis
1158 1170 1290 1254 septem

178 1283 295 1329 versus
309 1260 519 1352 praebuerit,
544 1261 603 1349 qui
622 1283 692 1328 uon
713 1263 844 1331 suntin
863 1263 999 1352 reliquis
1020 1264 1131 1348 libris,
1158 1267 1289 1334 omittat

178 1372 293 1432 autem
316 1365 444 1453 aliquot
462 1386 595 1443 versus,
629 1364 687 1453 qui
711 1374 841 1434 exstant
863 1366 898 1432 in
922 1367 1002 1449 illis,
1035 1390 1067 1437 v.
1094 1366 1288 1442 129.135,

150 1466 407 1541 ,loo-142.
427 1465 515 1539 284.
529 1466 615 1533 3⁰1.
638 1466 724 1535 349.
750 1492 892 1558 quarum
917 1471 1131 1537 omissionum
1154 1470 1288 1562 pleras-

145 1636 163 1660 ,Γ
178 1594 246 1661 que
261 1580 358 1664 patet
370 1571 415 1638 ab
429 1571 634 1662 negligentia
652 1569 776 1638 librarii
790 1570 991 1663 repetendas
1011 1597 1102 1657 esse,
1125 1574 1230 1642 oculis
1241 1575 1287 1643 ad

177 1676 276 1767 paria
296 1697 453 1742 versuum
474 1674 566 1740 initia
586 1674 785 1759 aberrantis,
817 1684 911 1742 recte
933 1676 1059 1766 poterit
1080 1677 1210 1768 colligi,
1244 1700 1287 1746 ex

175 1801 245 1846 uno
259 1786 455 1870 pervetusto
469 1776 609 1864 codice,
635 1799 737 1866 quem
751 1779 831 1846 situs
841 1779 1031 1863 vitiaverat,
1058 1788 1092 1846 et
1111 1777 1287 1849 Mutinen—

174 1904 267 1964 sem,
297 1890 331 1949 et
350 1880 518 1970 aliquanto
534 1889 627 1971 post,
653 1881 762 1972 magis
785 1881 885 1948 ctiam
904 1881 1052 1950 lacerato
1075 1881 1194 1951 codice
1215 1883 1285 1969 illo,

176 2007 266 2072 eum,
285 2006 353 2074 quo
360 1983 518 2052 Bessario
534 1992 585 2050 est
598 2005 688 2069 usuS,
705 1985 856 2073 aliosque
870 1985 1056 2076 descriptos
1066 2008 1150 2058 esse.
1179 1983 1311 2060 Ordo}

174 2111 334 2157 versuum
362 2110 440 2155 raro
465 2087 572 2154 variat
593 2086 628 2152 in
650 2086 840 2174 codicibus,
875 2110 907 2155 v.
927 2086 989 2159 49.
1013 2086 1100 2160 349.
1128 2087 1189 2179 sed
1211 2111 1285 2158 esse

175 2191 355 2277 nonnulla,
381 2190 522 2281 quaein
544 2189 698 2258 omuibus
715 2191 885 2259 codicibus
901 2214 968 2259 non
988 2214 1049 2260 suo
1071 2191 1149 2260 loco
1162 2192 1285 2285 legan-

151 2290 247 2391 stur,
280 2295 377 2362 nimis
400 2294 613 2361 manifestum
634 2303 694 2362 est
745 2294 788 2362 ld
815 2295 925 2381 eidem
945 2295 992 2363 illi
1014 2294 1131 2363 deberi
1151 2296 1286 2364 videtur

173 2405 307 2466 vetusto
329 2396 459 2484 codici,
483 2398 602 2488 inquo
627 2420 715 2485 quae
731 2399 879 2465 lacerata
893 2400 947 2466 vel
965 2399 1106 2466 evanida
1122 2399 1191 2490 legi
1215 2422 1284 2466 non

172 2523 276 2594 posse
291 2499 499 2586 viderentur,
526 2500 571 2567 ab
586 2499 650 2566 alia
671 2523 772 2566 manu
792 2502 826 2567 in
847 2501 985 2569 summis
999 2502 1054 2568 vel
1067 2500 1139 2567 imis
1154 2501 1284 2592 margi·

172 2605 271 2672 nibus
286 2603 457 2694 adscripta
470 2603 603 2671 fuerint.
655 2603 727 2670 Nisi
740 2603 813 2692 quis
831 2604 921 2671 forte
942 2603 1046 2670 libros
1069 2625 1186 2671 omnes
1207 2627 1284 2670 ma-

173 2730 271 2775 nasse
285 2707 507 2798 suspicabitur
522 2729 564 2773 ex
576 2707 719 2796 repertis
733 2706 837 2798 ipsius
855 2705 993 2775 Coluthi
1003 2705 1136 2793 chartis,
1155 2707 1191 2774 in
1205 2708 1283 2797 qui·
1303 2709 1305 2714 ’

170 2811 236 2880 bus
250 2811 307 2878 ille
324 2834 411 2900 quae
427 2819 669 2878 commentatus
689 2820 761 2877 erat
776 2811 925 2902 expolire
942 2810 1109 2901 coeperit,
1135 2810 1283 2878 necdum

171 2914 334 2983 adfinem
355 2912 560 3005 perduxerit
613 2910 715 2980 Certe
730 2912 774 2980 de
792 2913 921 3004 duplici
936 2915 1131 2982 recensione
1151 2915 1282 3006 cogita·

172 3019 220 3085 vit
249 3016 417 3089 Graefius.
470 3015 560 3083 Mihi
579 3014 734 3104 quidem,
768 3016 862 3104 quod
887 3017 1022 3083 tertium
1046 3039 1163 3084 eorum
1191 3040 1282 3105 quae

171 3121 206 3187 iu
219 3106 358 3188 Colutbi
380 3120 527 3188 carmine
544 3117 704 3186 notabilia
724 3127 834 3185 essent
852 3119 1175 3205 commemorabam,
1202 3142 1281 3185 cor-

170 3223 354 3310 rectiones,
379 3222 504 3313 partim
523 3230 667 3313 propter
691 3230 866 3311 corrupta,
891 3221 964 3308 vel,
995 3230 1034 3289 ut
1050 3244 1082 3288 v.
1102 3219 1163 3294 23,
1191 3222 1280 3289 male

169 3327 340 3394 intellecta
356 3327 401 3394 ab
421 3326 562 3393 librariis
576 3325 704 3412 factae,
729 3327 853 3415 partim
874 3348 941 3393 non
963 3348 1035 3393 csse
1051 3324 1185 3392 omuino
1201 3348 1279 3394 cor-

169 3429 337 3498 rectiones
352 3429 524 3512 videntur,
549 3436 603 3515 ut,
630 3427 762 3517 dequo
777 3429 865 3498 infra
884 3429 1014 3516 dicam,
1040 3452 1073 3503 v.
1092 3426 1178 3499 288.

270 3565 393 3658 Incipit
409 3588 545 3634 carmen
561 3563 613 3634 his
627 3565 755 3635 verbis:

219 3729 382 3830 Νύμφαι
391 3729 614 3862 Τραὶάδες,
640 3734 813 3831 ποταμοῦ
836 3728 1005 3812 Ξάνθοιο
1032 3736 1204 3833 γενέθλη,

219 3867 259 3910 αι
248 3832 480 3931 πλοκάμων
505 3834 688 3962 κρήδεμνα
715 3868 774 3912 ιιαι
801 3833 882 3933 ἱερά
907 3838 1057 3932 παίγνια
1083 3837 1213 3936 χειροῖν

219 3935 374 4068 πολλάκι
400 3936 609 4039 πατράησιν
636 3941 694 4016 ε’πλ
720 3935 951 4065 ψαμάθοισι
963 3939 1148 4014 λιποῦσαι

221 4047 255 4122 ἐς
281 4038 394 4142 χόρον
413 4039 588 4141 Ιδαλησιν
614 4037 853 4119 ἐπεντάνεσθε
878 4042 1055 4140 χορείαις,

220 4146 343 4229 δεῦτε,
371 4140 661 4271 θεμιστοπόλοιο
690 4141 863 4270 νοήματα
884 4143 1136 4246 μηλοβοτῆρος

218 4250 349 4324 εἴπατέ
370 4278 457 4345 μοι,
483 4245 746 4332 αελάδοντος’
722 4242 972 4375 απορνάμεναι
997 4254 1202 4341 ποταμοῖο,

218 4353 254 4434 εξ
280 4348 393 4447 σ’ρέοιν
420 4347 539 4428 πόθεν
565 4349 677 4448 ἦλθεν
705 4348 825 4444 άήθια
850 4347 990 4427 πόντον
1017 4345 1189 4442 ελαάνοιν,

226 4469 491 4544 HunnOMV
1026 4469 1060 4540 Ο
