2842 4920
149 374 214 439 ιω
488 364 547 424 οε
580 362 854 425 ιιιιιοιιι
876 359 924 427 οι

153 566 186 641 ἐς
210 550 365 649 Σιίμον,
392 549 560 626 adustae»
579 550 646 649 ἤδη
669 548 934 647 ξυναγαγόντας
954 547 1070 633 παίσας
1086 545 1268 636 ποίςναῦς,

152 655 239 742 τοδε
261 657 449 745 ἐπίπλους,
476 654 520 749 ἤν
537 682 608 728 που
622 650 748 751 ιιαιρδς
766 659 820 754 εἴη
831 706 845 741 ,
872 661 1079 729 ποιεῖσθαι·
1102 655 1163 724 etsi
1177 679 1270 747 pro-

151 774 230 858 pter
254 761 439 830 orationem
456 760 630 849 obliquam
651 761 732 829 ferri
747 769 862 853 potest
883 760 1068 851 optativus,
1096 782 1200 848 quem
1221 762 1270 829 sic

154 866 306 937 defendit
318 866 444 956 Poppo
460 863 526 930 vol.
544 863 571 930 I.
593 888 628 956 p.
644 862 729 934 144.
755 874 889 952 tamen,
916 863 978 930 nisi
999 863 1137 956 gravior
1155 865 1271 954 aliqua

154 994 271 1039 caussa
285 967 437 1052 accedat,
464 967 710 1037 coniunctivum
726 969 901 1059 praeferre
915 966 949 1034 in
963 967 1022 1034 tali
1038 965 1270 1036 additamento

155 1097 259 1166 quum
276 1072 342 1151 alii,
368 1079 440 1138 tum
455 1069 679 1160 Thucydides
696 1079 949 1155 consuevemnt,
968 1071 1054 1138 sicut
1071 1071 1107 1137 in
1117 1069 1176 1138 illo
1190 1072 1270 1162 ipso

156 1179 267 1268 capite
290 1175 405 1266 paullo
434 1174 586 1264 superius
608 1173 652 1269 ἢν
677 1171 860 1269 ἡσσηθοίοι
885 1174 1009 1265 posuit.
1062 1173 1180 1262 ltaque
1201 1171 1225 1270 ᾖ
1249 1198 1271 1242 e

157 1280 233 1349 cod.
248 1278 325 1350 vat.
346 1277 460 1345 nescio
477 1300 522 1343 an
535 1286 627 1345 recte
642 1276 775 1345 dederit
788 1276 976 1345 Bekkerus.
1028 1277 1150 1365 Neque
1175 1276 1270 1396 apud

156 1382 420 1474 Xenophontem
433 1378 562 1471 Cyrop.
580 1378 639 1454 IV
658 1380 693 1468 2,
714 1378 748 1448 6.
774 1390 867 1449 reete
883 1380 953 1472 legi
966 1388 1050 1472 puto
1069 1388 1104 1501 oi
1102 1376 1203 1483 δὲ
1179 1406 1270 1453 απε-

157 1486 343 1608 κρίναντο,
370 1481 429 1556 ὅτι
446 1481 512 1554 udo
529 1480 659 1580 αὔριον
676 1489 791 1556 ἕωθεν
808 1482 956 1569 εὔζωνοι
970 1509 1188 1576 πορευοιντο
1204 1510 1271 1554 aa·

157 1582 407 1684 παλήψοιντοτ
433 1585 493 1654 ubi
515 1585 629 1657 Guelf.
654 1595 688 1654 et
707 1586 784 1654 Par.
808 1586 868 1659 ιιαί
893 1585 949 1682 ἦν
1001 1586 1070 1670 Qui
1098 1587 1191 1653 locus
1219 1595 1272 1655 est

158 1690 341 1776 eiusmodi,
364 1698 402 1758 ut
421 1689 606 1781 permirum
629 1691 687 1776 sit,
712 1692 746 1758 ni
767 1713 884 1758 verum
904 1691 944 1758 sit
964 1690 1212 1757 usitatissimum
1226 1690 1271 1756 il-

157 1795 217 1865 lud
251 1794 317 1865 ιιοῖν
349 1790 479 1888 αὔριον
508 1795 543 1863 εἰ
572 1799 688 1865 ἕωθεν
721 1792 868 1879 εὔζωνοι
896 1786 1135 1885 πορεύοιντο,
1176 1791 1272 1881 quod

157 1897 385 1968 Schneiderus
412 1894 562 1966 coniecit.
619 1895 747 1964 Verum
770 1897 798 1963 si
822 1896 1024 1986 quibusdam
1047 1897 1082 1964 in
1109 1896 1272 1986 exemplis

157 2025 226 2070 non
241 2008 334 2068 recte
349 1999 518 2088 optativus
534 1999 648 2066 locum
666 2008 756 2067 tenet
776 2001 990 2083 coniunctivi,
1016 2000 1051 2065 in
1072 1998 1142 2066 aliis
1157 2009 1273 2066 tamen

159 2105 213 2172 vel
229 2113 345 2193 aperte
362 2109 523 2191 praestat,
550 2102 604 2168 vel
618 2102 736 2169 saltem
751 2101 937 2169 offensione
953 2109 1055 2172 caret.
1100 2102 1159 2169 Sic
1178 2101 1275 2194 apud

157 2204 422 2295 Xenophontem
438 2205 472 2271 in
494 2201 623 2293 Cyrop.
641 2204 666 2270 1.
685 2203 720 2288 6,
741 2203 799 2269 22.
821 2203 879 2274 καί
901 2206 936 2275 εἰ
948 2197 994 2296 δη
1008 2201 1148 2282 πείσαις
1162 2209 1274 2276 ἐπαι-

160 2313 236 2380 νεῖν
250 2308 295 2380 τί
307 2332 346 2377 σε
363 2298 534 2393 πολλούς,
563 2303 657 2385 ὅπως
679 2301 740 2388 δόξ
723 2315 786 2388 ξαν
804 2299 948 2399 λάβοις,
974 2304 1034 2376 ιιαί
1050 2302 1275 2388 κατασκευαῖς

158 2402 315 2490 ιιαλοίς’
298 2437 343 2504 οφ
394 2400 532 2502 ἑκοίοτῳ
564 2403 684 2481 αὐτοῖν
713 2403 888 2506 κτήσαιο,
915 2406 1000 2504 οίρτι
1025 2435 1066 2479 τε
1093 2411 1274 2505 ἐξηπατη-

160 2507 225 2594 uois
249 2514 319 2610 εἴης
339 2508 404 2594 ἄν,
431 2509 489 2582 ναί
513 2507 662 2605 durau*
639 2537 813 2640 υοτερρν,
840 2509 933 2584 ὅπου
957 2538 1002 2582 αν
1019 2535 1148 2603 πειρον
1166 2511 1272 2608 δοίης,

160 2612 465 2713 ἐξεληλεγμένος
442 2643 487 2684 αν
504 2616 649 2710 προςέτι
663 2614 722 2686 ναί
743 2608 881 2700 οίλοίζων
901 2612 1059 2707 φαίνοιο.
1087 2613 1201 2697 Quem
1218 2616 1272 2681 lo-

161 2742 239 2786 cum
264 2741 333 2785 non
357 2725 449 2784 recte
471 2717 708 2806 interpretatus
735 2727 785 2785 est
803 2717 1030 2808 Reisigiusp.
1058 2714 1142 2789 lll.
1196 2716 1271 2787 Nec

160 2819 256 2912 quod
270 2822 326 2887 iile
345 2826 458 2910 putat,
480 2818 546 2885 dici
565 2819 622 2886 hie
645 2822 757 2912 potuit
778 2823 812 2892 εἰ
828 2826 957 2914 πεῖραν
972 2818 1016 2892 δν
1035 2817 1142 2914 δοίης.
1194 2820 1272 2888 Alio

159 2923 264 2992 modo
280 2922 401 2992 erravit
416 2922 645 3012 HeindorfiuS,
672 2925 739 3013 qui,
765 2923 827 2991 nisi
842 2923 887 2994 δν
904 2923 1082 3005 deleretur,
1108 2922 1174 3017 δηίς
1188 2925 1272 2995 seri·

159 3027 311 3096 bendum
326 3027 462 3093 censuit.
490 3027 536 3094 At
551 3027 635 3094 inre
650 3028 729 3094 ficta
745 3036 778 3094 et
789 3028 926 3096 nonnisi
940 3024 1122 3119 cogitando
1138 3036 1274 3119 sumpta

162 3129 256 3205 ὅπου
276 3130 321 3203 ἄν
340 3128 421 3223 δῷς,
447 3130 540 3219 quod
562 3130 606 3196 ad
624 3131 863 3220 experientiam
883 3130 1043 3215 refertur,
1069 3130 1183 3197 locum
1205 3154 1273 3198 non

160 3233 274 3302 habet
326 3236 417 3322 Apte
443 3232 543 3299 affert
567 3235 614 3299 ibi
634 3234 759 3324 Poppo
785 3232 892 3300 Mem.
910 3234 946 3302 S.
970 3234 997 3304 Ι.
1018 3232 1052 3320 2,
1073 3230 1109 3300 6.
1135 3261 1220 3313 τους
1234 3234 1273 3306 δε

162 3329 492 3456 λαμβανονταςπῆς
508 3333 649 3424 ομιλίας
667 3328 807 3426 μισδον
825 3328 1149 3432 ἀνδραποδισταῖς
1131 3363 1272 3408 εαυπων

164 3430 356 3522 οἷπειιοίλει,
393 3429 455 3508 διοί
483 3463 527 3507 πο
553 3433 749 3528 οίναμιιαῖον
771 3433 896 3518 αὐτοῖς
921 3435 1016 3510 εἶναι
1036 3439 1272 3530 διαλέγεσθαι

59 3582 61 3587 -
162 3534 254 3635 παρ’
271 3566 319 3609 οιν
340 3562 385 3607 αν
405 3530 552 3630 λαβοιεν
569 3566 635 3610 τον
651 3532 802 3630 μιοθον
859 3540 1022 3609 Ienon
1041 3540 1273 3633 ιιοαρυιδυε

164 3641 394 3735 accepissent
411 3642 618 3734 pecuniam,
645 3643 720 3709 ut
696 3666 723 3710 si
737 3641 940 3711 omisisset''
915 3673 970 3722 αν,
999 3644 1061 3712 sed
1078 3669 1103 3712 a
1125 3644 1272 3737 quibus-

164 3768 315 3837 cumque
328 3746 564 3839 acceptassent
599 3746 730 3837 Cyrop.
744 3747 784 3816 V
799 3742 835 3831 5
852 3748 927 3820 1.’
911 3774 987 3819 επει
978 3746 1039 3820 δε
1056 3747 1176 3819 ταῦτα
1193 3751 1272 3820 διε-

162 3850 367 3975 πέπρακτρ,
395 3849 528 3970 πέμπει
550 3877 638 3974 ηρος
655 3843 852 3947 Κυαξάρην
873 3878 932 3922 ιιαι
924 3848 1154 3923 επέστελλεν
1170 3847 1274 3945 αὐτῷ

162 3978 262 4046 ηνειν
287 3950 343 4023 ἐπὶ
366 3978 410 4024 πο
403 3946 696 4075 στρατόπεδον,
725 3950 819 4033 ὅπως
833 3952 919 4077 περί
935 3981 975 4024 τε
996 3953 1069 4025 τοῖν
1086 3953 1273 4077 φρουρίων

165 4049 214 4124 οἷν
232 4046 424 4173 είληιρεσαν
440 4050 747 4185 μουλειίοαιννο“
726 4083 744 4126 ο
763 4083 801 4127 τι
820 4051 1032 4151 χρήσαιντο,
1059 4083 1118 4127 ιιαι
1111 4050 1274 4129 θεασαί-

163 4168 271 4249 μενος
287 4182 331 4225 πο
356 4152 567 4251 στροίτευμα
590 4158 649 4231 καί
666 4158 749 4255 περὶ
764 4187 837 4232 των
858 4159 974 4231 ἄλλων
993 4152 1250 4252 συμβουλος’
1212 4188 1273 4252 μι-

163 4283 288 4351 γνοιτο
304 4254 326 4327 ὅ
341 4285 380 4331 τι
404 4259 449 4331 dv
472 4261 635 4360 δονοίη’
618 4289 655 4335 ειι
673 4256 809 4334 τούτου
829 4255 1015 4356 προίττειν.
1067 4261 1274 4353 Suspectum

162 4359 220 4429 hio
240 4360 368 4431 habent
384 4363 561 4453 qnidam
535 4392 598 4453 αν,
625 4365 784 4434 omissum
801 4365 835 4432 in
851 4364 927 4437 cod
943 4366 1010 4433 Ait.
1063 4367 1111 4434 At
1125 4375 1219 4436 reete
1236 4390 1273 4436 se
