2842 4920
514 348 597 410 LlB.
620 347 675 413 111.
716 348 815 410 GAP.
837 349 868 414 5.
1198 352 1263 415 loo

152 539 429 615 existimaturos
453 537 533 630 quis
550 534 683 632 putet?
712 537 760 606 Et
778 537 873 631 apud
889 534 1158 657 Andocidemp.
1174 536 1260 608 131.

152 643 255 736 (184.
283 639 417 737 §.J
339 641 417 732 36.)
444 641 565 719 καίτοι
590 670 633 714 ou
626 635 792 738 ’δήπον,
820 670 847 713 σι
868 636 1090 735 Ἀθηναῖοι,
1119 637 1258 736 ὀστρα-
1329 670 1332 675 ·

151 746 325 844 κισθῆναι
347 746 416 838 μὲν
447 738 706 840 εἰτιτήδειός’
671 772 769 837 ειμι,
796 737 977 817 τεθνάναι
998 743 1036 815 δὲ
1059 738 1123 815 ov'u
1147 744 1259 834 ἄξιος,

152 847 234 923 οὐδὲ
264 844 476 943 κρινάμενος
500 848 570 937 μὲν
595 850 818 941 αἰιοφογεῖν,
853 846 1000 940 άκριτος
1029 845 1068 917 δὲ
1095 841 1258 939 φεύγειν·

151 981 170 1026 o
163 951 225 1025 δι’
248 945 467 1029 τοσαυτάκις
482 943 742 1041 άγωνιζόμενος
756 953 899 1028 δικαίως
914 947 973 1019 καὶ
992 941 1136 1042 νικήσας
1150 943 1260 1023 πάλιν

151 1050 298 1147 δόξαιμι
321 1050 407 1125 δι”
389 1081 443 1125 sus
447 1058 506 1123 ἱνα
532 1057 712 1143 εἰιιιεσεῖν,·
737 1055 816 1120 Νοιι
836 1059 1018 1120 mutassent
1040 1052 1101 1119 viri
1124 1051 1262 1120 docti
1240 1081 1260 1126 ο

150 1159 211 1231 δὲ
200 1183 236 1226 ιιι
257 1153 352 1243 οὐδέ,
372 1179 417 1223 nc
439 1155 521 1245 quid
536 1155 579 1223 dc
598 1157 733 1225 Sluiteri
750 1165 872 1224 conatu
894 1154 1068 1244 dicam,
1043 1177 1070 1222 si
1091 1155 1260 1244 vidissent,

149 1270 323 1353 postrema
336 1261 441 1327 verba
454 1282 518 1350 per
533 1259 831 1352 interrogationem
844 1259 1001 1350 proferri.
1036 1256 1108 1327 Sed
1122 1259 1156 1326 in
1170 1259 1261 1326 Ero-

149 1365 215 1432 tico
240 1362 462 1432 Demostheni
488 1363 612 1429 tributo
635 1387 671 1453 p.
697 1362 816 1444 1464,
842 1362 900 1429 lt.
928 1361 1019 1450 quod
1042 1362 1181 1454 legitur,
1208 1362 1265 1457 τῷ

149 1461 218 1559 γάρ
238 1459 396 1538 εἰκάσειέ
413 1492 468 1545 τις
486 1466 651 1562 θνητῶν,
680 1464 702 1537 ὂ
725 1461 919 1539 άθάνατον
944 1471 1020 1545 τοῖς
1042 1465 1182 1537 ἰδοῦσιν
1206 1469 1262 1560 ἐρ·

149 1565 299 1663 νάξεται
314 1562 436 1640 πόθον
444 1593 458 1658 3
485 1569 546 1635 etsi
561 1578 654 1636 re'cte
668 1569 795 1636 dictum
811 1579 862 1637 est
875 1568 942 1634 hoc
958 1590 1066 1653 sensu,
1088 1568 1146 1636 cui
1162 1590 1262 1635 com-

145 1681 375 1766 paraturum
394 1671 473 1762 quis
487 1667 623 1764 putet?
649 1682 761 1740 tamen
775 1695 843 1739 non
863 1671 1094 1739 contenderim
1118 1694 1186 1738 non
1203 1680 1262 1738 aut

150 1777 315 1867 scriptum
329 1797 403 1843 esse
418 1797 496 1841 cum
509 1773 716 1866 particula''
691 1804 753 1855 αν,
781 1786 839 1842 ant
853 1775 1003 1866 potuisse
1017 1774 1125 1841 scribi

253 1878 366 1945 Multo
386 1877 553 1946 difficilius
574 1879 735 1946 iudicium
760 1888 811 1947 est
832 1879 912 1947 dc”
892 1902 930 1946 ns
954 1877 1088 1964 locis,
1079 1901 1114 1944 m
1140 1856 1262 1967 quibus

151 1983 221 2051 sine
238 1983 502 2073 interrogatione
521 1981 630 2049 nudus
646 1983 775 2072 positus
794 1992 846 2051 est
867 1982 1047 2073 optativus,
1075 1981 1169 2068 quod
1187 1981 1262 2048 fere

151 2095 218 2154 tam
232 2095 334 2152 tenue
349 2108 389 2151 ac
404 2086 524 2154 subtile
540 2085 718 2154 discrimen
736 2095 806 2168 cst,
833 2095 870 2154 nt
885 2109 952 2153 non
968 2085 1133 2151 multum
1124 2085 1262 2167 intersit,

151 2199 264 2256 utrum
279 2188 424 2255 addatur
442 2187 487 2260 oio
504 2213 546 2256 an
557 2189 734 2257 omittatur.
762 2191 951 2281 Reisigium
965 2188 1103 2276 quidem
1117 2189 1151 2255 in
1165 2188 1263 2256 huius

150 2293 287 2360 rationis
304 2292 525 2383 explicatione
539 2294 583 2360 ita
597 2316 618 2358 a
634 2317 714 2360 vero
736 2294 909 2362 aberrasse
929 2301 1033 2384 puto,
1060 2300 1097 2358 ut
1110 2292 1203 2381 quod
1220 2292 1264 2359 dc

152 2395 266 2464 addita
295 2395 461 2486 particula
494 2395 559 2462 dici
590 2395 753 2480 debebat,
792 2398 837 2463 ad
869 2398 1026 2464 omissam
1052 2395 1264 2462 transtulerit.

153 2501 264 2584 Quam
291 2499 378 2566 enim
411 2499 635 2565 conditionem
663 2499 917 2591 intelligendam
946 2498 1126 2582 existimat,
1161 2518 1266 2586 quum

153 2604 274 2670 omissa
295 2610 345 2669 est
367 2603 553 2692 particula,
581 2625 621 2668 ea
644 2625 713 2669 non
736 2603 797 2669 nisi
822 2625 926 2692 quum
950 2601 1103 2669 additum
1125 2609 1176 2668 est
1204 2597 1266 2678 air,

151 2706 290 2797 intelligi
309 2714 440 2796 potest:
468 2706 495 2772 si
512 2706 650 2795 quidem
668 2707 804 2774 omnino
818 2706 907 2774 hanc
922 2707 1064 2774 vidimus
1078 2705 1165 2772 illins
1181 2727 1267 2797 par-

152 2810 273 2876 ticulae
293 2817 445 2875 naturam
459 2832 548 2892 esse,
575 2818 612 2876 ut
628 2809 673 2876 ad
689 2810 913 2879 conditionem
928 2812 1075 2901 aliquam
1091 2809 1266 2878 referatur.

153 2912 203 2979 lta
219 2935 324 3002 quum
338 2911 422 2979 illud
438 2911 575 2978 Moschi
586 2913 611 2978 l.
628 2910 663 2979 6.

204 3082 284 3155 ἔστι
300 3077 336 3154 δ’
353 3077 470 3162 ὀπαῖς
484 3080 698 3178 σερίσαμος·
725 3085 763 3154 ἐν
779 3083 892 3154 εἴκοσι
906 3078 996 3150 πάσι
1013 3060 1153 3170 μάθοις
1166 3105 1239 3166 νιν,

155 3253 200 3320 εἰσ
215 3252 474 3343 interpretatur:
498 3251 594 3321 iuter
612 3251 757 3342 quosvis
780 3249 912 3344 viginti
934 3271 1076 3336 noscas,
1100 3249 1133 3319 si
1156 3236 1266 3318 modo
1376 3286 1380 3293 ·

154 3377 309 3425 noscas:
335 3378 403 3423 non
420 3356 661 3443 animadvertit,
688 3356 725 3424 id
743 3355 924 3423 dicendum
938 3355 1040 3422 fuisse
1054 3347 1193 3447 μάθοις
1210 3351 1265 3426 άν.

154 3460 242 3525 Nam
269 3459 296 3525 si
319 3458 352 3524 in
374 3459 466 3526 nudo
494 3461 644 3550 optativo
667 3483 708 3527 ea
730 3483 833 3549 qnam
855 3460 926 3526 vult
951 3459 1110 3526 sententia
1132 3458 1267 3542 inesset,

155 3563 257 3653 plane
287 3561 377 3629 aliud
401 3550 536 3629 dixisset
557 3562 721 3632 Moschus
751 3587 853 3653 quam
877 3563 1026 3653 volebat
1075 3563 1153 3628 Non
1178 3561 1268 3626 enim

156 3663 355 3752 certissime,
382 3666 444 3732 sed
459 3666 486 3732 si
501 3666 570 3733 fors
585 3667 651 3732 fert
665 3666 829 3747 noscitur,
856 3666 914 3753 qui
928 3666 1093 3749 noscitur,
1120 3664 1147 3729 si
1163 3662 1267 3729 modo

155 3769 312 3836 noscitur.
363 3768 469 3858 Atqui
489 3767 653 3836 Moschus
672 3767 917 3862 nonfurtasse
932 3790 1067 3837 noscas
1083 3766 1268 3851 Amorem,

156 3871 216 3977 sed
243 3892 379 3941 noscas
407 3872 535 3964 opinor
561 3872 674 3939 dicere
696 3874 808 3941 voluit.
862 3871 934 3941 Sed
964 3893 1048 3960 quos
1071 3869 1105 3936 in
1128 3870 1268 3958 laqueos

156 3996 230 4042 sese
264 3975 468 4064 implicuerit
501 3975 669 4068 Reisigius
698 3977 755 4044 illa
786 3998 889 4065 quam
923 3967 1100 4065 proposuit
1130 3973 1268 4059 ratione,

157 4079 367 4168 apertissime
382 4079 543 4170 cognosci
561 4087 676 4169 potest
691 4103 733 4147 ex
745 4080 795 4164 iis,
822 4075 1060 4170 quaep.13ll
1075 4077 1166 4167 dicit,
1192 4077 1270 4143 Ho-

157 4182 321 4250 mericum
336 4181 419 4250 illud
432 4181 529 4254 Iliad.
545 4209 571 4254 ε.
590 4181 676 4249 303.

419 4353 514 4448 μέγα
529 4353 653 4451 ἔργον,
681 4350 703 4426 ὃ
718 4345 844 4426 oridia
862 4347 898 4445 γ’
918 4348 1029 4447 ἄνδρε
1047 4350 1207 4446 φέροιεν,
