2842 4920
152 365 216 428 128
478 364 552 425 'DE
582 361 850 424 Panrlcvnn
872 358 917 426 du
1036 410 1044 421 .

155 576 265 648 quam
275 552 404 649 filium
416 574 533 621 meum
548 552 682 635 babeo‚·
707 563 773 640 aut,
799 557 826 623 si
842 553 1085 637 coniunctius,
1099 554 1256 622 interro-

155 659 266 751 gative
286 656 372 723 haec
394 656 484 723 dicta
505 657 568 723 sint
586 680 722 724 necesse
742 665 809 725 est:
840 666 882 726 ut
903 667 938 726 te
955 678 1073 726 meum
1096 656 1257 727 habeam

142 755 300 857 filium?
325 759 468 844 scilicet,
492 760 539 826 ita
554 758 735 829 benevolus
752 783 798 827 es.

254 862 418 951 ltaquein
437 862 693 950 deliberatione,
719 885 806 951 quae
828 884 963 954 semper
984 870 1034 929 est
1055 884 1132 930 cunr
1154 862 1257 930 dubi-

152 966 279 1137 tptiorp}
289 964 474 1134 cppisuncta,
498 965 640 1034 nonnisi
652 965 877 1034 coniunctivae
890 973 1078 1057 usurpatur.
1112 965 1255 1058 Sopho-

152 1092 220 1138 ces
280 1116 288 1135 .
380 1117 389 1133 .

255 1216 360 1294 οὔτοι
378 1212 417 1291 o'
435 1214 618 1315 ἀπείργειν
633 1215 721 1295 οὔθ’
735 1215 828 1300 ὅπως
840 1218 887 1292 e'oi
900 1219 1014 1313 λέγειν

256 1323 342 1413 ἔχω,
368 1327 488 1402 raucis
500 1324 653 1405 seruicia
671 1315 970 1417 συμπεπτωκότα.

154 1473 242 1545 Oed
257 1476 301 1543 R.
319 1472 429 1543 1367.

255 1622 320 1700 ουιι
334 1622 405 1700 οἶδ’
419 1623 513 1708 ὅπως
529 1651 569 1699 σο
581 1625 639 1723 poi
653 1625 921 1720 βεβουλεῦσθαι
933 1625 1056 1709 aalide.

152 1798 239 1866 Vide
260 1796 419 1887 Aeschyl.
436 1796 559 1888 Agam.
578 1793 687 1864 leot.
715 1796 824 1889 Sopb.
846 1798 898 1866 Αἰ.
916 1794 1002 1864 514.
1028 1796 1146 1887 Eurip.
1158 1740 1267 1864 ‘Hecs

150 1895 239 1968 585.
263 1898 375 1968 Orest.
405 1896 490 1967 72⁰.
519 1898 645 1967 Phoen.
676 1896 761 1968 386.
788 1900 862 1968 Alc.
892 1898 976 1968 118.
1002 1900 1113 1992 Hipp.
1142 1894 1254 1967 1⁰91.

151 2002 229 2095 Iph.
250 2002 293 2076 A.
309 2001 395 2071 643.
413 1997 524 2085 1454.
550 2002 628 2094 ΙΡΙι
645 2002 688 2068 T.
708 1997 794 2071 995.
821 2003 948 2070 Troad.
966 2001 1051 2071 712.
1073 2003 1150 2070 Hel.
1168 1999 1255 2069 oet.

151 2105 293 2174 Hercf.
317 2099 428 2172 1245.
480 2104 613 2172 Eadem
629 2105 713 2172 ratio
734 2114 785 2172 ost
801 2106 1084 2196 interrogationis,
1110 2113 1257 2193 atquae

151 2207 186 2275 in
205 2215 333 2275 rectam
348 2208 532 2297 emtionem
547 2207 688 2275 reducta
700 2209 914 2298 negationem
931 2208 973 2273 sit
984 2206 1158 2273 habitura:
1178 2206 1257 2275 vide

151 2310 323 2401 Aristopb.
354 2310 419 2400 Eq.
449 2308 559 2377 leto.
585 2309 664 2376 Pac.
692 2303 779 2376 521.
830 2307 1002 2375 Interdum
1026 2309 1257 2378 coniunctium

151 2421 186 2480 et
207 2413 356 2481 futurum
375 2413 635 2506 coniunguntur,
669 2411 730 2480 sed
750 2433 792 2480 eo
811 2432 879 2502 quo
898 2434 962 2502 par
989 2418 1039 2480 est
1056 2411 1255 2481 discrimine

149 2515 266 2609 auap.
284 2516 381 2585 Meu.
401 2514 511 2584 roos.

254 2686 328 2758 οἶσι
343 2686 439 2757 δέ’
395 2712 526 2757 servor
541 2682 637 2757 ἐστὶν
655 2688 693 2757 ἐν
708 2685 818 2764 οἴκοις

252 2780 423 2879 ψλυιιερου
439 2779 645 2881 βλάστημ’,
672 2791 779 2880 ἐςορω
765 2786 923 2910 μελέτη

252 2889 589 2981 ιιατοτρυχομέιους
602 2915 668 2960 τοι
687 2886 833 2960 ἅπαντα
846 2883 997 2982 χρόνον,

252 2991 397 3084 πρῶτον
412 2991 500 3109 pic,
528 2988 621 3070 ὅπως
638 2992 807 3086 θρέψωσι
821 2990 949 3070 καλῶς,

252 3086 439 3186 βίοτόνθ
455 3084 595 3166 (incidor
610 3092 778 3188 λοέψουσι
791 3095 936 3173 τέιιιιοις

151 3259 312 3332 Solliciti
335 3269 436 3346 aunt,
465 3260 645 3351 quomodo
670 3263 833 3330 educare
853 3260 1009 3330 debeant
1032 3258 1184 3343 liberos,
1217 3268 1253 3329 et

150 3366 249 3432 unde
263 3364 395 3431 victum
410 3311 482 3430 aiut
503 3363 678 3432 relicturi.
721 3365 808 3433 Non
824 3375 917 3432 recte
931 3387 1040 3454 neque
1054 3367 1251 3460 θρέψουσι,

149 3488 261 3555 neque
288 3464 416 3536 λίποισι
440 3464 590 3532 dixisset:
625 3488 693 3533 non
723 3468 923 3562 θρέψουσι,
951 3468 1027 3558 quia
1048 3490 1102 3535 res
1127 3490 1252 3558 anceps

151 3577 204 3638 est
222 3577 257 3636 et
271 3567 482 3657 dubitationis
496 3589 535 3634 ac
555 3567 800 3636 deliberationis
814 3569 931 3661 plena,
958 3570 1111 3638 educatio
1125 3570 1253 3637 libero-

150 3695 244 3753 rum3
270 3693 337 3739 non
353 3668 502 3758 λέουσι,
530 3670 666 3760 quiade
681 3671 904 3760 relinquendis
926 3673 1140 3741 facultatibus
1161 3671 1253 3741 nulla

152 3785 203 3843 est
217 3773 390 3860 dubitatio,
414 3772 474 3840 sed
487 3771 531 3841 de
545 3796 597 3860 eo,
624 3773 715 3841 unde
728 3767 902 3866 parandae
918 3776 989 3843 sint.
1030 3776 1148 3865 ltaque
1161 3767 1253 3871 κτή-

152 3902 286 3949 σωνται
299 3884 390 3944 recte
406 3875 551 3962 dixisset,
577 3876 605 3943 si
620 3899 759 3969 operam
776 3878 973 3968 quaerendis
990 3878 1110 3970 opibus
1126 3899 1254 3945 navan-

151 3978 230 4045 dam
250 3979 285 4045 in
308 3988 419 4048 mente
440 3978 626 4048 habuisset:
654 3981 716 4049 sed
741 3990 901 4073 potuerat
921 3981 1020 4048 etiam
1043 3973 1252 4075 κτήσονται,

151 4081 179 4148 si
199 4081 299 4167 illud,
324 4081 413 4151 unde
434 4084 567 4151 futurae
587 4091 698 4152 essent
719 4107 814 4175 opes.
865 4084 905 4152 ln
927 4084 1044 4176 Enrip.
1064 4081 1142 4152 Hel.
1165 4077 1251 4150 tet.

150 4183 275 4253 scribe:
353 4238 356 4243 .

253 4332 317 4410 οὐκ
332 4329 404 4408 οἷδ’
421 4330 550 4408 ὁποίου
563 4335 709 4436 πρῶτον
725 4332 1026 4434 detestationis.
