2842 4920
472 331 559 396 ΗΒ.
581 332 620 394 Il.
665 333 758 399 CAP.
780 339 813 402 8.
835 340 866 404 4.
1102 340 1104 345 ⁴
1179 345 1223 408 87

102 523 174 592 hoo
191 529 262 591 est:
284 519 457 593 iacebunt
471 520 576 593 nodis
589 535 780 597 mactatae
792 547 892 598 ovea·
918 528 939 598 'u
960 553 991 598 e
1008 528 1221 605 dicebamus
1330 570 1333 575 ·

104 629 155 696 de
174 627 354 696 mactatis
378 625 521 696 onibus.-
547 650 616 697 eos
638 651 721 701 oves
733 629 911 702 combure
964 633 1123 704 Similiter
1147 636 1221 705 lle-

102 729 229 800 mostlu
245 730 290 800 de
303 729 523 823 Halonesop
540 729 602 818 ll,
620 730 677 800 19.
697 736 734 807 οἰ
744 728 815 832 peip
831 735 950 808 ταῦτα
963 730 1220 860 συγχωρήσετε,

103 862 141 908 τι
136 826 309 919 'nolum
335 861 394 906 και
411 836 448 908 εἴ
456 861 543 911 τινα
562 834 625 930 τῆς
637 831 807 936 Ἀττικῆς
822 837 950 934 ληοταὶ
969 831 1086 912 τόπον
1101 868 1219 915 κατα-

103 934 281 1030 λάβοιεν,
309 962 334 1031 η,
343 930 537 1057 Λήμνου,
522 965 585 1033 ,η
605 935 784 1062 Ιμβρου,
811 939 835 1037 ἢ
857 935 1020 1063 Σκύρου,
1046 941 1108 1016 καί
1125 971 1220 1026 τινος

101 1033 258 1118 τούτους
282 1065 369 1119 τους
391 1032 524 1135 lucror
553 1033 766 1137 ἐκκόψαιεν,
799 1037 908 1125 edelric
931 1044 991 1116 καὶ
1013 1073 1080 1119 τον
1104 1039 1219 1121 τόπον

101 1141 260 1228 τοῦτον,
287 1137 334 1214 οὗ
355 1136 447 1238 ἦσαν
473 1147 510 1214 οἱ
531 1142 682 1238 lucrat,
707 1172 776 1218 rou
796 1145 887 1220 ὄντα
912 1145 1111 1246 ἡμετκροκ,
1145 1148 1218 1223 τῶν

101 1245 414 1342 τιμωρησαμένων
427 1271 514 1327 τους
527 1239 659 1342 lucror
675 1246 888 1342 γίγνεσθαι·
874 1304 887 1342 ,

633 1551 692 1621 lV.

170 1723 238 1793 De
264 1721 556 1793 coniunctivi
582 1744 666 1792 usu
692 1718 1014 1792 deliberativo
1035 1724 1157 1819 opud

510 1841 807 1912 recentiores.
899 1894 903 1902 .

202 2014 441 2084 Recentiorem
466 2036 565 2083 usum
593 2037 698 2105 quum
724 2014 817 2100 dico,
852 2036 931 2082 eum
955 2013 1095 2106 intelligi
1124 2014 1215 2103 volo,
1324 2027 1332 2042 ⁸

101 2117 158 2207 qui
172 2140 280 2207 quum
296 2141 361 2210 per
376 2140 498 2209 prosae
514 2119 672 2186 orationis
690 2118 871 2210 scriptores
886 2119 1002 2210 lingua
1020 2117 1155 2185 Graeca
1170 2116 1216 2185 ad

100 2223 279 2290 certiorem
305 2221 440 2288 dicendi
461 2222 626 2290 rationem
649 2230 807 2289 revocata
832 2230 939 2308 esset,
965 2221 1118 2289 obtinere
1138 2243 1215 2288 coe-

99 2325 158 2416 pit
211 2325 245 2392 ls
259 2325 365 2415 quum
379 2324 453 2392 fere
470 2325 569 2392 etiam
587 2325 708 2417 poesin
728 2346 883 2409 omnem,
908 2335 1045 2416 praeter
1070 2325 1215 2416 epicam,

98 2426 291 2517 invasisset,
317 2427 553 2519 complectitur
575 2430 755 2521 scriptores
778 2449 914 2512 omnes,
941 2429 999 2516 qui
1020 2428 1215 2518 incorrupta

98 2530 214 2624 lingua
238 2530 373 2599 Graeca
395 2532 617 2622 scripserunt,
655 2531 805 2621 exceptis
827 2530 942 2621 epicis.
994 2531 1083 2598 Nam
1109 2551 1215 2617 quum

99 2656 140 2702 eo
167 2643 348 2726 tempore,
382 2656 451 2724 quo
475 2635 646 2702 Homerus
673 2642 776 2724 atque
805 2631 975 2700 Hesiodus
1003 2641 1037 2700 et
1058 2654 1143 2723 quos
1166 2630 1215 2700 illi
1303 2723 1305 2727 ι
1350 2634 1359 2646 “

100 2747 256 2806 auctores
277 2737 487 2824 habuerunt,
522 2739 669 2805 carmina
693 2760 753 2805 sna
776 2734 981 2826 condidere,
1008 2758 1050 2804 ex
1070 2735 1213 2804 coniun-

99 2841 186 2909 ctivo
201 2841 377 2933 paullatim
393 2840 542 2908 futurum
559 2850 789 2929 enasceretur‚
815 2840 889 2908 fieri
902 2862 970 2907 non
987 2840 1107 2932 potuit,
1133 2840 1214 2929 quin

98 2945 197 3036 epica
219 2946 326 3013 oratio
351 2945 487 3013 liberius
511 2943 624 3012 adhuc
642 2944 853 3011 coniunctivo
866 2951 1036 3028 uteretur,
1063 2943 1124 3010 etsi
1145 2943 1213 3010 iam

96 3045 240 3115 Homeri
271 3058 306 3117 et
335 3047 480 3117 Hesiodi
502 3069 586 3114 aevo
609 3048 687 3114 satis
710 3054 866 3112 accurate
886 3043 951 3122 hos
971 3046 1067 3114 verbi
1091 3044 1213 3113 modos

96 3150 316 3244 distinguens.
366 3152 421 3221 lle
437 3175 479 3220 ea
495 3149 703 3218 distinctione
720 3170 823 3240 supra
844 3147 982 3216 dictum.
1033 3147 1213 3214 Recentio-
1340 3188 1344 3195 ·

96 3278 151 3322 res
173 3277 256 3323 vero
277 3254 476 3323 coniunctivi
497 3276 597 3322 usum
610 3254 717 3345 magis
738 3252 839 3320 etiam
859 3258 1140 3342 coangustarunt,
1166 3249 1213 3317 ita

97 3367 133 3426 ut
152 3357 186 3424 ei
202 3366 297 3426 extra
319 3360 498 3427 sententias
517 3359 634 3425 finales
648 3367 683 3425 et
699 3354 939 3424 conditionales
954 3353 1062 3422 solam
1079 3352 1212 3421 delibe-

95 3459 194 3528 randi
220 3469 255 3529 et
276 3461 479 3529 adhortandi
497 3462 566 3528 vim
587 3462 830 3551 relinquerent,
855 3460 890 3525 iu
908 3457 1075 3526 sententiis
1091 3456 1210 3525 condi-

95 3563 274 3632 tionalibus
290 3574 405 3632 autem
418 3567 524 3633 solam
542 3563 758 3632 admitterent
776 3563 880 3630 futuri
899 3561 1025 3643 exacti,
1052 3560 1121 3628 sive
1135 3583 1210 3628 ma-

96 3669 145 3736 vis
162 3669 213 3734 rei
228 3669 435 3759 experientia
450 3667 727 3760 comprobandae
740 3665 1026 3757 significationem.

198 3771 246 3839 Et
259 3771 496 3840 deliberativas
509 3770 648 3862 quidem
663 3769 862 3839 coniunctiui
877 3792 957 3838 usus
970 3767 1004 3836 in
1019 3766 1210 3860 interroga-

95 3873 243 3943 tionibus
256 3877 401 3945 maxime
421 3876 583 3944 cernitur:
611 3872 679 3944 Od.
694 3901 722 3946 ο.
738 3869 824 3941 299.
1020 3873 1023 3878 ’
1214 3870 1216 3875 ’

147 4025 260 4123 ὤμοι
279 4023 349 4124 ἐγώ
364 4021 501 4116 δειλός,
530 4024 570 4102 τί
584 4014 629 4102 aui
641 4054 712 4128 μοι
724 4015 885 4123 μήκιστα
902 4022 1069 4121 rimu&
1190 4132 1191 4135 Ἴ

98 4189 132 4248 et
144 4177 231 4252 465.
327 4191 329 4196 '

149 4331 258 4427 ὤμοὶ
275 4327 358 4429 ἐγώ,
384 4331 422 4407 τί
438 4326 548 4408 πάθω
557 4362 570 4426 ,·
596 4331 635 4406 τί
648 4325 691 4406 οὗ
707 4358 774 4426 μοι
789 4324 949 4426 μήκιστα
964 4329 1132 4437 ydoneam
