2842 4920
149 347 192 411 72
322 336 327 359 ³
487 343 544 402 DE
583 341 860 404 PaarlchA
885 337 932 407 ἐν

151 539 348 620 λαττον,
391 524 544 625 φυγάδες
572 532 610 606 δέ
640 528 692 607 δι’
719 534 782 626 ἐμὲ
811 536 983 630 τέτταρες
1015 530 1142 630 ἄνδρες
1168 532 1263 625 ἐγέ-

151 659 314 718 νοντο,
340 639 443 728 οἵπερ
475 633 535 706 καὶ
557 633 741 731 ἥμαρτον
775 664 848 708 των
875 631 910 709 δ’
942 634 1060 708 ἄλλων
1081 643 1117 709 οἱ
1141 636 1264 711 λοιποὶ

152 732 334 835 πρότερον
352 733 422 810 ὑπο
415 731 607 832 Τεύκρου
623 733 872 837 ἐμηνύθησαν·
900 736 985 810 οὔτε
1001 735 1118 833 δήπου
1146 745 1183 811 οἱ
1201 767 1264 811 τι·

152 841 309 920 θνειέτες
335 835 425 912 δι”
408 840 472 932 εμέ
500 839 642 967 μάλλον
679 842 960 931 ἐτέθνασαν,
1002 839 1087 913 οὕτε
1115 847 1152 913 οἱ
1178 836 1264 936 φεύ·

7 936 15 949 ”
152 969 277 1037 μοντες
311 942 508 1033 μάλλον’
494 948 698 1038 ἔφευγον.
751 926 935 1013 Aeschines
972 942 1015 1012 de
1051 945 1136 1018 falsa
1160 945 1263 1036 legat.

151 1071 187 1139 p.
203 1044 289 1113 244.
305 1043 407 1134 (402.
426 1041 461 1140 5.
478 1042 609 1135 69.)’
571 1069 607 1117 τι
630 1049 668 1120 δέ
693 1074 753 1119 και
744 1041 1000 1140 βουλόμενος,
1027 1049 1127 1143 εἴπερ
1144 1042 1266 1120 ταύτά

157 1142 377 1242 Φιλοκράτει
398 1141 638 1241 προειλόμην,
669 1144 964 1247 κατηγόρουν
989 1151 1057 1272 μὲν
1074 1144 1164 1243 πρός
1180 1144 1267 1230 τοάς

154 1244 289 1330 αὐτους
305 1245 486 1344 άκροατάς
500 1251 547 1346 τῇ
560 1251 773 1348 προτεραίᾳ,
798 1251 889 1344 μίαν
906 1253 945 1326 δέ
962 1246 1073 1324 νύκτα
1090 1246 1265 1325 ἐιαλιπων
1306 1257 1309 1261 ’

155 1378 455 1449 οννηγοροννς
488 1353 609 1420 Refert
632 1353 718 1423 haec
742 1379 784 1424 ex
804 1364 915 1423 mente
937 1355 1192 1445 Demosthenis,
1220 1355 1265 1423 de

155 1477 223 1546 quo
239 1480 276 1547 p.
292 1454 407 1545 242(
392 1452 445 1550 (5
462 1452 541 1547 66.)
563 1457 707 1526 dixerat:
723 1482 802 1526 nam
817 1459 890 1550 ipse
905 1482 972 1526 non
986 1459 1076 1526 iacta
1092 1483 1165 1527 esse
1181 1482 1265 1527 con-

153 1557 270 1632 tendit.
322 1560 427 1651 Etp
450 1556 536 1626 326.
563 1558 667 1648 (444.
696 1556 732 1655 5
763 1561 869 1653 1λ3.)
897 1561 1020 1630 eodem
1045 1562 1171 1630 modo:
1207 1562 1267 1632 καί

154 1661 246 1757 τῷγε
262 1657 416 1758 δῆλος
394 1689 458 1758 ην,
487 1665 522 1735 εἰ
541 1657 595 1760 μή
615 1693 672 1756 γε,
700 1664 743 1746 ιὸς
730 1692 812 1758 ςπερ
827 1669 866 1737 ἐν
882 1671 959 1746 τοῖς
978 1671 1120 1761 χοροῖς,
1147 1665 1267 1761 προῇ-Ι

155 1767 238 1847 δον;
265 1766 500 1857 Lyeurgusc.
522 1766 644 1834 Leocr
664 1791 700 1858 p
729 1765 854 1835 1643.
873 1766 975 1856 (m
995 1764 1030 1862 5.
1051 1767 1128 1859 38.)
1112 1771 1193 1859 )ἐν
1215 1767 1268 1848 οἶς

156 1861 376 1988 Λεωκράτης
388 1865 512 1939 οὐτοσὶ
526 1867 586 1944 καὶ
601 1863 711 1949 αὐτος
731 1873 767 1942 ἐκ
779 1868 843 1967 τῆς
860 1863 1203 1966 πολεωςάποέράς”
1175 1898 1265 1964 ῳχε-

154 1996 218 2057 το,
246 1968 305 2042 καὶ
327 1964 376 2041 τά
396 1963 567 2066 χρήματα
590 1963 1080 2100 κάνπάρχονκαέξεκάμισι,
1107 2001 1167 2044 και
1187 1966 1269 2066 ἱερά
1360 2066 1361 2070 ¹

154 2065 204 2143 τά
223 2099 376 2165 πατρῳα
392 2072 681 2165 μετεπέμψατο·
733 2073 793 2145 καὶ
809 2075 858 2154 εἱς
875 2075 1056 2200 τρσοῦτον
1073 2076 1270 2169 προέοοιας

155 2170 286 2269 ἦλθεν,
324 2171 411 2253 άςτε
438 2166 533 2245 κατά
560 2201 627 2268 την
653 2170 771 2247 αὐτοῦ
797 2173 1010 2270 προαίρεσιν
1040 2177 1171 2273 ἔρημοι
1199 2178 1270 2268 μὲν

155 2271 268 2371 ἦσαν
285 2280 323 2348 οἱ
337 2274 430 2361 ναοί,
446 2276 623 2397 ἐρημοιδέ
640 2277 699 2349 καὶ
715 2306 752 2349 αι
746 2277 927 2373 φυλακαὶ
941 2276 1199 2366 τωντειχοέν,ε
1183 2283 1248 2359 ἐεξ
1250 2319 1269 2330 -

14 2411 17 2417 ·
156 2379 373 2451 λέλειπτο
401 2371 594 2474 δεηπολις
608 2378 833 2478 καιηχωρα
872 2381 950 2448 Alia
969 2382 1124 2473 exempla
1138 2403 1270 2472 suppe-
1342 2432 1346 2440 .

156 2481 263 2549 ditare
283 2482 409 2573 poterit
432 2482 584 2572 Gorgiae
604 2483 766 2576 apologia
784 2484 986 2557 Palamedis
1039 2482 1097 2554 Ad
1122 2481 1211 2550 hanc
1231 2486 1270 2553 fi-

155 2608 277 2679 guram
298 2607 402 2677 saepe
422 2608 491 2653 non
515 2586 773 2655 attenderunt
741 2587 803 2654 vrri
824 2587 933 2655 docti:
959 2587 1051 2655 unde
1071 2586 1193 2655 multos
1213 2611 1270 2655 ve-

155 2698 266 2756 terum
283 2686 376 2755 locos
393 2697 520 2756 temere
535 2689 732 2757 coniecturis
750 2699 920 2757 vexarunt.
961 2690 1075 2759 veluti
1092 2691 1179 2759 haec
1195 2690 1270 2758 Eu-

155 2790 273 2883 ripidis
287 2791 322 2858 in
336 2791 464 2863 Troad.
479 2785 568 2864 395,
589 2791 633 2859 de
648 2792 799 2860 Hectore
817 2800 850 2861 ei
862 2793 1003 2863 Paride:

261 2955 415 3046 δόξας’
390 2987 488 3084 ανρρ
511 2959 681 3059 άριστος
708 2961 850 3050 οἴχεται
875 2957 1014 3037 θανάν

259 3065 321 3137 καὶ
346 3061 453 3138 τοῦτ’
479 3061 701 3155 Ἀχαιοένξ
668 3094 681 3135 ι
703 3091 733 3144 ις
747 3059 997 3189 εξεργάζεται.

261 3197 293 3241 ει
288 3163 457 3258 θησαν
474 3170 590 3256 οἴκοι,
617 3160 782 3289 χρηστάς
789 3194 839 3240 ων
857 3161 1067 3242 ἐλάνθανεν.

264 3263 383 3391 Πάρις
410 3268 447 3342 δ’
474 3271 605 3390 ἐγκρμε
612 3263 679 3357 τήν
706 3262 815 3348 Διός·
842 3264 959 3365 γήμας
985 3273 1023 3345 δέ
1049 3266 1120 3370 μή,

262 3365 462 3463 σιγώμενον
488 3398 532 3443 το
560 3366 721 3466 κῆδος
687 3396 781 3459 ειχεν
807 3376 845 3445 ἐν
866 3366 1002 3465 δόμοις.

156 3525 275 3617 Eurip.
293 3523 380 3592 Hec.
385 3522 509 3622 ¹llll

835 3706 867 3750 ει
862 3678 932 3750 ’δέ
957 3705 1008 3774 μη
1038 3680 1191 3777 Φρυγων

251 3774 419 3875 πύργους
445 3774 622 3859 πεσόντας
643 3805 758 3898 ρσμεν
782 3773 982 3903 Ελλήνων
992 3783 1100 3877 δορί,

264 3878 385 3979 φόβον
411 3883 589 3979 παρέσχεν
616 3878 660 3954 ου’
686 3884 802 3975 μέσως
829 3880 891 3956 ὅδε
916 3877 1057 3964 κτάπος.

157 4050 350 4146 Sophocles
366 4051 491 4121 Electr.
506 4043 594 4125 913

261 4217 346 4295 αλλ’
374 4217 460 4295 οάέἐ
486 4222 555 4314 μὲν
582 4215 626 4317 δή
651 4132 791 4317 μητρές
817 4218 907 4294 οὔθ’
935 4220 955 4294 ὁ
983 4222 1066 4304 νοῦς
1092 4226 1193 4318 φιλεῖ

261 4325 424 4400 τοιαῦτα
452 4318 653 4422 πράσοειν,·
677 4323 763 4397 οὔτε
791 4320 900 4421 ἐρῶσ’
927 4325 1139 4400 ἐλάνθανεν.
