2842 4920
534 342 621 405 LIB.
642 342 679 405 ll.
725 341 825 408 caP.
852 348 883 407 1.
1221 347 1264 410 77
1331 391 1335 395 .

153 537 192 605 At
211 544 270 601 aut
288 542 430 622 uterque
451 532 572 600 modus
589 556 654 623 per
674 555 711 600 se
731 532 819 600 solus
840 531 978 624 plenam
1000 531 1105 602 efficit
1126 544 1261 603 senten-

154 640 246 724 tiam,
273 659 378 725 quum
391 659 460 703 non
481 636 588 704 minus
605 638 737 726 ἴωμεν,
764 658 871 724 quum
892 631 1079 733 εὖτυχοιήν
1098 638 1168 706 sine
1192 640 1261 707 ullo

154 743 210 808 alio
226 740 336 807 verbo
353 739 502 826 dicatur,
529 749 587 806 aut
608 749 737 811 neuter.
790 738 873 807 Vtra
892 739 1004 806 verior
1020 740 1105 807 ratio
1120 741 1179 829 sit,
1204 741 1262 809 hie

153 845 228 912 nihil
250 844 371 910 attinet
392 844 516 931 quaeri.
570 843 658 911 Satis
677 851 728 910 est
747 842 956 929 meminisse,
982 852 1163 933 utrumque
1183 867 1260 912 mo-

153 948 229 1014 dum
248 970 322 1014 esse
346 947 604 1037 assumptivum,
631 945 692 1012 sed
713 945 819 1013 altero
839 947 986 1037 cogitata
1003 947 1103 1033 sumi,
1130 948 1189 1035 qui
1211 957 1262 1016 est

153 1052 336 1142 optativus3
363 1049 469 1116 altero
486 1049 586 1136 facta,
613 1071 716 1136 quem
731 1049 977 1124 coniunctimm
992 1072 1161 1118 vocamus.
1195 1052 1261 1119 At-

153 1154 268 1243 quein
292 1152 446 1244 cogitatis
474 1175 543 1219 non
570 1152 758 1240 quaerimus
782 1153 977 1221 eveniantne
999 1175 1043 1219 an
1063 1176 1149 1240 non,
1183 1155 1262 1242 quia
1376 1208 1379 1213 .

153 1258 271 1324 scimus
286 1257 322 1323 in
340 1257 411 1323 sola
428 1256 631 1347 cogitatione
646 1255 790 1340 versari3
818 1279 905 1344 quae
923 1264 1035 1323 antem
1048 1266 1085 1323 ut
1099 1257 1189 1324 facta
1206 1281 1260 1325 su-

153 1361 289 1445 mimus,
325 1359 548 1450 experientiae
578 1360 857 1449 comprobatione
878 1359 1047 1451 indigent,
1080 1369 1117 1428 ut
1138 1383 1261 1429 verene

153 1486 190 1530 an
204 1462 293 1530 falso
306 1473 440 1552 sumpta
454 1462 578 1529 luerint
589 1470 761 1553 appareat.

249 1565 506 1635 Declarabimus
520 1565 606 1632 haec
621 1566 794 1656 exemplis.
842 1568 893 1638 Ei
907 1567 1070 1658 ἐγένετο,
1097 1567 1133 1637 εἰ
1144 1563 1261 1658 γίγνε-

153 1697 230 1751 ται,
258 1670 295 1740 εἰ
312 1661 502 1764 γενήσεται
521 1669 566 1736 ad
582 1691 622 1735 ea
638 1669 844 1755 referuntur,
872 1691 959 1757 quae
974 1691 1053 1735 vere
1069 1678 1262 1753 evenerunt,

152 1773 316 1858 eveniunt,
343 1782 501 1839 eventura
516 1781 601 1841 sunt.
654 1775 708 1844 Εἰ
721 1772 869 1866 γένηται
887 1794 968 1839 vero
982 1780 1032 1839 est
1045 1770 1078 1840 si
1092 1771 1261 1860 evenerit,

152 1875 251 1965 idque
269 1875 313 1942 de
334 1897 375 1942 eo
395 1876 533 1963 dicitur,
559 1874 653 1963 quod
668 1875 854 1943 videbimus
872 1884 983 1942 utrum
1005 1875 1151 1962 eveniat,
1177 1897 1260 1941 nec-

152 2002 207 2061 ne;
235 1980 271 2050 εἰ
289 1979 432 2071 γένοιτο
455 1988 584 2066 autem,
612 1978 644 2047 si
670 1978 829 2059 eveniat,
856 1978 950 2067 quod
969 1987 1081 2061 mente
1104 1978 1260 2069 fingimus

152 2080 301 2165 evenire,
329 2081 397 2149 sive
418 2083 544 2173 possit,
570 2083 639 2149 sive
665 2092 820 2171 nequeat
872 2083 1040 2172 Apertum
1063 2090 1128 2166 est,
1154 2081 1189 2147 in
1207 2081 1261 2147 in-

152 2184 293 2253 dicativo
313 2185 488 2253 veritatem
509 2185 589 2252 facti
613 2194 650 2252 ut
671 2185 881 2276 exploratam
899 2184 1040 2276 respici3
1066 2185 1102 2251 in
1121 2185 1261 2252 coniun-

153 2289 236 2355 ctivo
262 2309 336 2355 rem
357 2289 442 2355 sumi
469 2289 675 2378 experientia
699 2284 1007 2379 comprobandam3
1047 2286 1084 2354 in
1110 2288 1261 2378 optativo

152 2390 294 2458 veritatis
310 2391 473 2460 rationem
488 2392 607 2459 haberi
620 2393 755 2476 nullam,
782 2391 842 2459 sed
860 2392 1098 2483 cogitationem
1111 2399 1261 2458 tantum-

151 2494 253 2561 modo
270 2494 422 2562 indicari:
449 2503 486 2563 ut
505 2496 532 2562 si
554 2495 674 2562 eadem
691 2494 874 2562 distinctius
896 2494 977 2561 velis
992 2503 1093 2582 atque
1110 2492 1262 2584 explica-

152 2598 210 2664 tius
219 2597 343 2678 dicere,
360 2596 446 2664 haec
454 2598 597 2666 habeas:
612 2596 840 2683 inindicativo,
858 2605 923 2666 aut
938 2605 1003 2683 est,
1018 2606 1168 2666 autnon
1187 2603 1262 2664 est:

152 2702 215 2769 sed
239 2700 380 2778 nescio,
416 2700 482 2782 sit,
514 2724 645 2782 necne3
677 2702 711 2769 in
737 2701 964 2785 coniunctivo,
998 2708 1065 2769 aut
1087 2708 1160 2788 est,
1196 2708 1264 2770 aut

151 2826 219 2872 non
233 2812 309 2884 θείς
334 2805 402 2872 sed
418 2805 643 2896 experientia
669 2803 831 2892 docebit,
858 2805 923 2895 sit,
949 2826 1079 2886 necne,·
1103 2804 1137 2870 in
1160 2811 1263 2895 opta-

150 2907 274 2990 tauro,
303 2915 438 2977 anteat
453 2917 518 2976 aut
533 2916 692 2977 nonest:
715 2909 783 2975 sed
798 2929 900 2976 sumo
917 2930 1014 2997 esse,
1035 2907 1264 2977 etiamsinon

150 3009 208 3079 sir.
261 3010 335 3077 lam
354 3011 381 3078 si
403 3011 535 3100 quaeris
552 3010 634 3100 quid
654 3010 691 3076 hi
712 3011 804 3077 modi
822 3010 1028 3101 significent,
1056 3033 1161 3098 quum
1184 3032 1263 3076 ver-

150 3114 231 3180 bnm
263 3113 390 3181 nudum
411 3116 565 3205 ponitur,
598 3113 635 3180 id
656 3113 716 3180 etsi
737 3113 858 3179 Latina
880 3113 994 3203 lingua
1018 3134 1085 3178 non
1109 3112 1171 3178 nisi
1198 3133 1264 3200 per

150 3218 313 3308 ambages
333 3218 491 3309 explicari
507 3226 638 3307 potest,
666 3215 759 3305 quod
775 3216 833 3305 qui
851 3215 950 3282 huius
965 3215 1101 3305 linguae
1120 3214 1263 3280 coniun-

150 3321 255 3387 ctivus
272 3330 430 3403 vocatur,
456 3344 594 3388 revera
616 3321 783 3411 optativus
805 3328 873 3402 est,
899 3318 962 3386 sed
982 3318 1039 3385 ille
1060 3317 1158 3386 simul
1179 3339 1262 3384 con-

148 3421 283 3489 iunctivi
307 3424 422 3490 officio
444 3424 607 3515 fungens:
641 3433 753 3491 tamen
780 3422 973 3490 huiusmodi
1005 3445 1077 3490 esse
1101 3431 1262 3512 appareti

148 3524 311 3617 γίγνεται
341 3535 393 3594 est
403 3525 480 3623 fit,
507 3527 550 3594 de
574 3550 636 3610 eo,
663 3526 756 3617 quod
781 3528 820 3594 fit
844 3549 943 3594 vere:
968 3523 1152 3622 γίγνηται,
1166 3522 1264 3618 fieri

149 3622 384 3720 reperiatur,
411 3629 455 3698 de
476 3653 534 3716 eo,
562 3629 656 3718 quod
676 3653 751 3698 esse
766 3629 972 3718 experientia
986 3627 1264 3718 cognoscendum

121 3730 205 3813 ‘sit3
233 3728 416 3824 γίγνοιτο,
439 3732 543 3827 fiat,
577 3733 740 3825 opinione
763 3732 981 3825 cuiuspiam,
1015 3731 1059 3798 de
1084 3752 1142 3813 eo,
1169 3728 1263 3817 quod

148 3834 221 3901 fieri
241 3834 315 3923 quis
335 3837 480 3928 cogitet,
508 3837 578 3904 sive
593 3838 670 3918 fiat,
692 3838 761 3904 sive
778 3858 847 3902 non
867 3837 949 3917 liat.¹
990 3835 1109 3922 ltaque
1132 3831 1263 3900 indica-

148 3936 233 4005 tivus
250 3946 302 4004 est
318 3939 466 4025 scientis,
490 3940 710 4031 persuasique
726 3939 770 4006 de
786 3939 926 4007 veritate
941 3937 1008 4018 rei3
1035 3936 1263 4005 coniunctivus

149 4038 277 4109 debere
299 4041 381 4130 quid
408 4043 482 4112 lieri
505 4043 739 4136 intelligentis,
771 4064 812 4107 ac
831 4051 1016 4133 propterea
1039 4041 1262 4131 exspectantis

149 4144 232 4233 quid
257 4145 422 4229 eveniat3'
442 4147 609 4239 optativus
637 4145 813 4237 cogitantis
838 4145 921 4234 quid
948 4145 1041 4229 fieri,
1070 4143 1131 4210 sed
1152 4165 1263 4232 neque

149 4269 192 4313 an
205 4248 284 4329 fiat,
312 4272 424 4338 neque
443 4274 487 4317 an
507 4251 614 4342 possit
631 4250 704 4317 fieri
719 4248 919 4339 quaerentis.
972 4247 1027 4316 Ex
1051 4246 1103 4315 his
1122 4245 1265 4336 intelligi

148 4359 284 4440 potest,
320 4353 379 4442 qui
398 4353 526 4423 factum
549 4354 608 4438 sit,
640 4362 678 4421 ut
698 4351 925 4421 coniunctivae
952 4360 1052 4442 atque
1082 4348 1261 4438 optativus,
