2842 4920
341 367 1063 429 unnuuunssotnfflssnnTATIO.
1195 373 1260 435 285

154 558 421 650 cantabrigiensi
434 557 516 625 fasc.
535 557 563 631 Ι
576 581 612 650 p
627 554 688 625 52.
706 566 740 624 et
753 556 1005 626 Vratislaviensi
1021 560 1087 627 vol.
1102 559 1130 632 1
1143 584 1178 652 p
1196 560 1255 628 13

152 655 372 758 ὑπερβολή
354 661 431 784 sert
451 686 583 784 pompae
600 657 848 754 ὑπεραίρουσα
866 654 933 756 τήν
948 655 1128 758 ἀλήθειαν
1148 658 1257 760 autri-

152 793 237 846 σεως
252 764 275 860 ἢ
290 757 469 856 μειώσεως
489 757 607 858 χάριν.
661 763 800 847 Quae
775 785 822 830 src
835 765 933 831 vertit
954 764 1197 833 rhetoricorum
1211 766 1256 834 ad

150 869 360 937 Herennium
381 868 526 958 scriptor
547 866 607 938 lv
630 864 692 938 33
716 867 919 957 superlatio
936 876 991 935 est
1013 869 1133 937 oratio
1149 892 1256 962 snpe-

150 995 244 1040 rons
260 970 472 1058 veritatern,
501 969 657 1037 clicerius
672 971 838 1061 augendi
854 971 1080 1039 minuendive
1105 995 1257 1054 caussa,-

151 1075 274 1144 Giccro
288 1073 333 1141 de
356 1069 659 1146 01.111.53.sic:
682 1074 848 1164 augendi
870 1074 1096 1143 minuendive
1120 1098 1257 1144 caussa

149 1177 320 1247 veritatis
332 1176 535 1269 superlatio
549 1184 659 1268 atque
673 1177 853 1246 traiectio.
881 1179 957 1244 Alia
970 1178 1092 1246 eodem
1106 1178 1256 1247 redeun-

149 1284 196 1350 tia
207 1279 656 1349 commemoravitWeiskins
669 1288 783 1348 noster
797 1281 831 1348 in
844 1280 1071 1349 dissertatione
1087 1283 1197 1374 prima
1212 1282 1256 1351 de
1290 1328 1293 1335 ·

150 1385 344 1477 hyperbole
366 1405 519 1451 errorum
544 1384 578 1450 in
597 1383 737 1451 historia
759 1382 908 1475 Philippi
931 1385 1136 1474 Amyntael.
1159 1408 1255 1453 com-

150 1491 328 1557 missorum
345 1486 508 1578 genitrice
522 1481 557 1579 ᾗ.
574 1485 607 1554 l.
660 1487 707 1553 At
725 1487 801 1576 plus
822 1487 909 1553 haec
926 1487 1075 1556 definitio
1098 1490 1254 1576 continet,

151 1615 253 1681 quam
266 1592 354 1658 inest
367 1591 401 1656 in
414 1589 617 1680 hyperbole.
663 1590 752 1656 Nam
770 1591 828 1678 qui
842 1591 949 1657 minus
968 1591 1112 1659 veritatis
1128 1601 1178 1658 est
1192 1615 1253 1659 au-

151 1694 255 1788 gendi
277 1691 490 1761 minuendive
510 1715 627 1759 caussa
646 1692 737 1758 facta
755 1694 957 1783 superlatio,
985 1716 1100 1782 quum,
1128 1694 1280 1783 quidet

149 1799 286 1890 proeliis
310 1797 476 1882 referunt,
503 1820 523 1863 a
544 1795 692 1863 centenis
715 1795 865 1863 millenos
887 1818 1001 1864 caesos
1019 1820 1092 1864 esse
1106 1798 1256 1866 iactant?
1332 1839 1333 1842 =

150 1902 197 1968 Et
210 1910 325 1968 tamen
342 1922 453 1988 neque
471 1907 522 1967 est
536 1898 738 1988 hyperbole,
764 1922 876 1988 neque
889 1908 1029 1967 vocatur
1044 1923 1255 1990 aquoquam.
1271 1896 1274 1901 ’

151 2004 246 2089 Quid
261 2012 373 2071 antem
388 2003 614 2081 adulationem
628 2001 739 2069 dicam
749 2009 849 2091 atque
865 2002 1153 2090 obtrectationem,
1166 2027 1255 2092 quae

152 2107 274 2175 eodem
289 2109 323 2174 in
336 2129 464 2196 genere
477 2114 568 2174 totae
585 2105 784 2173 versantur?
797 2106 964 2172 Nimirum
977 2106 1069 2172 aliud
1086 2116 1136 2174 est
1150 2129 1254 2200 exag-

151 2212 282 2304 geratio
308 2211 558 2296 extenuatione,
592 2231 660 2299 qua
692 2209 750 2297 qni
775 2217 929 2295 utuntur,
963 2209 1056 2277 credi
1078 2211 1141 2277 sibi
1160 2210 1255 2298 quod

152 2313 466 2405 dicuntpostulant3
492 2312 583 2380 aliud
595 2312 804 2402 hyperbole,
831 2334 918 2401 quae
940 2323 991 2380 est
1006 2314 1112 2380 oratio
1128 2314 1254 2380 verita-

150 2427 220 2484 tem
237 2440 342 2508 supra
358 2439 461 2506 quam
478 2415 570 2483 credi
587 2416 740 2482 volumus
758 2413 941 2481 excedens=
965 2415 1099 2482 utillud
1113 2414 1254 2483 Ciceross

151 2522 199 2588 nis
213 2522 247 2587 in
260 2521 410 2588 oratione
427 2542 494 2611 pro
509 2518 625 2588 Sextio
641 2540 670 2585 c.
681 2512 743 2588 58.
757 2516 971 2584 nominmim
986 2539 1067 2585 sum
1085 2518 1254 2610 appellu-

152 2634 211 2694 tus
223 2624 259 2691 in
274 2623 413 2692 Bruto:

257 2793 413 2881 lbltius,
441 2793 502 2885 qui
516 2792 724 2862 libertatem
741 2791 877 2862 civibus
891 2790 1140 2863 stabiliverat:

150 2965 285 3034 millies
302 2972 515 3034 revocatum
538 2971 602 3033 est.
628 2962 794 3030 Intellexit
815 2960 883 3028 hoc
901 2962 1135 3046 Quintilianus,
1161 2951 1254 3031 cuius
1325 2937 1333 2956 ’

151 3091 256 3162 aegre
282 3092 432 3136 caremus
454 3068 541 3138 libro
561 3065 605 3134 de
627 3066 750 3133 caussis
771 3072 951 3155 corruptae
970 3065 1255 3153 eloquentiae,·in

151 3195 220 3261 quo
240 3195 276 3239 se
289 3172 380 3239 hunc
399 3173 513 3238 locum
526 3171 658 3263 plenius
673 3169 865 3236 tractavisse
880 3167 940 3235 ait:
966 3166 1028 3234 sed
1051 3168 1078 3234 is
1092 3175 1206 3235 tamen
1221 3167 1256 3234 in

150 3276 230 3347 lust.
250 3267 298 3342 or.
314 3274 404 3345 Vlll.
419 3272 455 3363 6,
472 3271 533 3342 74.
560 3275 606 3340 ita
621 3272 769 3363 scripsit:
795 3293 942 3339 monere
956 3270 1048 3340 satis
1063 3279 1129 3360 est,
1155 3293 1255 3339 men-

153 3377 218 3447 tiri
242 3376 485 3471 hyperbolen,
511 3398 578 3445 nec
602 3368 675 3462 ito,
701 3384 743 3444 ut
774 3374 966 3444 mendacio
983 3372 1131 3467 saltere
1157 3374 1255 3449 oelit.

150 3482 270 3570 ltaque
295 3482 360 3572 ipsi
381 3476 416 3574 ἓ.
440 3478 502 3551 tt.
526 3479 718 3571 hyperbole
743 3488 793 3546 est
814 3478 1007 3548 concutiens
1028 3478 1254 3571 superiectio.

151 3587 199 3652 At
214 3607 258 3652 ne
273 3583 360 3652 haec
375 3583 512 3672 quidem
526 3586 612 3652 iusta
624 3583 729 3650 finitio
746 3590 806 3654 est.
859 3584 1042 3650 Praeterea
1056 3583 1181 3649 fallitur
1198 3581 1255 3647 hic

152 3709 307 3778 quoqne,
332 3686 514 3754 minuendo
536 3687 693 3754 inservire
713 3694 835 3774 putans
849 3684 1074 3775 hyperbolen.
1126 3685 1167 3751 Id
1188 3685 1254 3751 mi·

152 3813 254 3857 nuere
274 3789 357 3857 nihil
383 3799 433 3858 est
455 3789 546 3857 aliud
563 3811 664 3878 quam
685 3810 810 3880 augere
831 3787 1061 3879 exiguitatem,
1095 3795 1132 3854 ut
1161 3786 1254 3877 qnod
1284 3836 1287 3843 -

151 3893 326 3986 Longinus
346 3916 421 3984 cap.
442 3890 503 3961 38.
520 3891 637 3974 affert,
664 3893 812 3983 agellum
828 3914 848 3956 a
862 3891 994 3957 comico
1012 3889 1161 3978 quodam
1173 3892 1254 3958 bre·
1301 3971 1306 3983 ·

151 3996 280 4064 viorem
308 3996 435 4064 dictum
456 4019 530 4066 esse
552 3994 696 4086 epistola
715 3993 902 4063 Laconicas
929 4001 987 4059 ant
1010 3992 1104 4082 quod
1128 3994 1186 4062 ille
1211 3993 1255 4061 de

151 4101 257 4193 tropis
283 4101 428 4191 scriptor
442 4122 485 4168 ex
500 4098 640 4192 Diphilo
661 4097 705 4165 de
717 4098 856 4165 muliere
869 4118 991 4189 parum
1005 4095 1169 4166 formosa:

318 4268 362 4365 ἢν
378 4266 399 4341 ὁ
414 4294 534 4363 πατηρ
551 4266 715 4389 ἐφίλησεν
732 4259 981 4350 οὐδεπώποτε,

256 4368 348 4469 παρ’
363 4369 402 4467 ἧς
417 4399 484 4444 sou
498 4370 613 4469 ἄρτον
628 4368 650 4465 η’
667 4362 760 4444 κύων
776 4397 818 4445 ov
810 4361 1039 4464 λαμβάνει,
