2842 4920
428 402 431 409 ·
473 385 557 452 ΗΒ.
580 388 618 450 ll.
655 388 753 453 CAP.
774 393 805 456 ὅ
1155 393 1200 458 85

80 587 199 649 tamen
223 576 351 666 aliquid
372 576 578 650 discriminis.
631 581 720 648 Nam
743 583 813 649 sine
831 581 996 675 particula
1012 580 1068 650 hic
1084 603 1199 651 sensns

82 691 152 750 est:
180 682 228 765 is,
258 681 319 772 qui
334 703 417 750 cum
436 681 707 753 immortalibus
721 686 970 778 pugnaverim
1002 686 1117 754 addita
1137 708 1199 753 au-

81 797 161 981 :pop
163 836 188 956 ἰ)
190 785 418 953 2quicumque
425 787 666 880 pugnaverit.
718 790 836 879 ltaque
858 789 952 880 qnod
965 791 1090 883 legitur
1102 789 1198 858 iliad.

135 1024 198 1096 καὶ
215 1018 285 1115 γᾶρ
303 1021 358 1103 cic
373 1018 418 1096 θ’
435 1028 498 1097 ἕνα
513 1023 613 1119 μῆνα
631 1028 750 1117 μένων
765 1022 841 1099 ἄαᾶ
852 1023 893 1124 ἧς
907 1021 1058 1117 ἄλᾶχοισ

135 1119 306 1222 ἄσχαλᾶᾳ
322 1120 389 1198 cdv
409 1128 472 1222 νηῒ
482 1122 686 1225 πολυζύγῳ,
711 1127 822 1225 ὅνπερ
841 1129 966 1204 ἄελλαι

137 1231 323 1325 χειμέριαι
338 1230 519 1308 εἰλέωσιν,
542 1227 735 1331 ὀρινομένη
750 1259 791 1306 τε
809 1226 1000 1323 θᾶλασσα,

85 1384 141 1451 Vix
158 1382 339 1450 ⁰⁰¹11111⁰d0
358 1381 426 1448 dici
443 1383 573 1474 poluit,
600 1381 642 1457 ὄν
657 1412 717 1457 ιιεν
735 1383 861 1458 ἄελλαι
877 1389 1053 1476 εἰλέωσιν,
1079 1388 1108 1456 si
1123 1388 1201 1478 qni-

86 1487 168 1554 dem
180 1487 248 1553 iam
270 1485 347 1553 satis
361 1484 545 1553 indicatum
563 1495 613 1554 est
629 1488 911 1579 praecedentibus
923 1491 1051 1578 verbis,
1078 1491 1122 1558 de
1137 1493 1201 1559 ali-

86 1613 156 1680 quo
175 1598 268 1656 certo
288 1587 442 1674 homine,
470 1590 528 1678 qni
543 1591 713 1681 integrum
728 1614 879 1659 mensem
895 1591 998 1660 domo
1015 1589 1112 1682 absit,
1139 1617 1201 1662 co·
1281 1629 1284 1634 ’

86 1693 265 1786 gimndnm
280 1714 363 1760 esse.
399 1691 472 1760 Sed
487 1693 515 1759 si
529 1693 719 1780 inverteris,
747 1691 790 1766 ὄν
806 1721 867 1766 ιιεν
884 1693 1011 1769 ἄελλαι
1028 1698 1200 1785 εἰλέωσιν,

86 1797 145 1867 soi
175 1801 238 1869 ἕνα
258 1794 358 1889 μῆνα
386 1796 506 1886 μένων
533 1791 722 1891 ἄσχαλᾶα,
755 1806 849 1865 recte
870 1796 988 1867 addita
1006 1798 1068 1867 erit
1093 1799 1201 1890 parti-

88 1900 179 1966 cula:
234 1920 490 1990 quemcumque
522 1900 712 1981 procellae
745 1900 978 1990 retinuerint,
1027 1901 1141 1971 etiam
1168 1901 1203 1971 si

88 2025 197 2070 unum
219 2023 378 2069 mensem
408 2002 518 2068 domo
541 2000 656 2089 absit,
691 2026 810 2096 aegre
827 2002 924 2096 sert.
977 2003 1129 2092 Quodsi,
1164 2014 1203 2073 nt

88 2106 212 2197 vulgo,
239 2103 351 2201 ἤνπερ
369 2104 512 2192 scribas,
538 2107 631 2174 nullo
648 2106 752 2176 modo
767 2106 877 2174 addici
893 2108 1003 2200 potnit
1021 2106 1077 2179 ἄν.
1130 2108 1202 2175 lam

89 2209 176 2276 enirn
191 2230 261 2275 non
277 2229 513 2297 quaecumque
528 2211 620 2277 navis
641 2211 773 2278 sedilia
789 2211 930 2304 intelligi
944 2210 1094 2297 debebit,
1113 2234 1202 2301 qnae

88 2311 175 2378 hunc
193 2310 366 2379 hominem
383 2310 485 2382 vehit.
536 2312 614 2381 Alio
629 2314 752 2402 modo,
778 2313 840 2383 sed
853 2315 951 2384 simili
964 2324 1094 2398 tamem
1118 2313 1202 2383 illud

89 2424 322 2507 comparatum
338 2423 406 2502 est,
433 2411 502 2485 od.
522 2423 560 2488 θ.
574 2413 661 2485 14λ.

139 2548 182 2626 ori
196 2551 265 2644 μέν
280 2545 349 2647 γᾶρ
365 2556 489 2643 μεῖζον
505 2553 603 2633 κλέος
616 2548 763 2649 ἄνέρος,
786 2551 886 2647 ὄφρα
903 2580 963 2624 ιιεν
979 2548 1083 2648 ᾖσιν,

137 2655 161 2752 ἢ
177 2652 200 2727 ὅ
215 2682 254 2727 τι
270 2653 400 2728 ποσσίν
414 2682 455 2727 τε
473 2656 553 2752 ῥέξῃ
567 2654 626 2727 ιιαὶ
645 2655 767 2752 χερσὶν
784 2655 893 2754 ἑῇσιν.

88 2809 175 2876 Nam
206 2814 262 2890 nt,
303 2806 543 2898 quodcumque
572 2811 645 2899 quis
676 2809 807 2878 roboris
841 2810 1082 2877 documentum
1113 2807 1202 2893 edat,

89 2911 225 2979 laudem
243 2910 274 2977 ei
290 2909 430 2997 afferat,
456 2920 569 2979 tamen
583 2935 650 2980 non
665 2912 734 2979 hoc
753 2913 820 2980 dici
838 2913 895 2979 hic
912 2911 1046 2995 debuit,
1073 2910 1135 2979 sed
1158 2911 1201 2977 il-

88 3014 163 3083 lnd:
190 3036 263 3082 non
280 3014 359 3082 clla
379 3014 502 3083 maior
524 3024 579 3084 est
601 3014 755 3083 bominis
776 3015 924 3106 glorio,
953 3036 1063 3105 quam
1086 3036 1132 3081 ex
1147 3034 1200 3100 eo,

89 3119 189 3210 quod
200 3116 359 3210 pedibus
373 3114 611 3209 manibusque
632 3114 807 3214 effecerit.
861 3115 1042 3184 Caeterum
1059 3115 1087 3181 si
1109 3116 1201 3210 ῥέξει

88 3221 247 3289 hocloco
269 3243 348 3288 cnm
363 3222 435 3289 eliis
448 3222 633 3312 praeterae,
659 3243 774 3289 sensus
792 3220 871 3304 erit,
899 3240 1010 3310 quam
1025 3218 1124 3309 quod
1137 3238 1201 3283 νο-

89 3324 177 3394 bore
191 3324 361 3417 corporis
380 3323 527 3420 efficiet.
581 3325 699 3414 ltaque
715 3331 871 3392 accurate
888 3344 929 3391 ex
944 3322 1119 3413 epicorum
1138 3342 1201 3389 usu

89 3428 220 3521 scripsit
235 3426 620 3520 MoschusinEpitaph.
639 3428 737 3498 Bion.
753 3426 839 3495 109.
1218 3440 1221 3446 '

139 3579 261 3672 ἄμμες
277 3575 313 3652 d'
327 3586 364 3653 oi
377 3574 531 3672 μεγᾶλοι
544 3580 604 3651 ναὶ
618 3579 789 3675 καρτεροὶ
806 3577 830 3675 ἢ
846 3575 954 3672 σοφοὶ
969 3574 1109 3670 ἄνδρες,

139 3677 288 3756 ὁππόσα
305 3683 429 3778 πρᾶτα
445 3675 631 3774 θᾶνωμες,
659 3678 811 3755 ἄνᾶιιοοι
830 3686 868 3754 ἑν
890 3678 997 3770 χθονὶ
1013 3676 1117 3771 κοίλᾳ

139 3782 291 3878 aridorum
305 3780 347 3858 εἰ
362 3779 464 3878 μᾶλα
477 3779 620 3880 μακρόν
635 3781 823 3881 ἄτέρμονα
838 3777 1014 3879 νήγρετον
1028 3776 1153 3852 ὕπνον.

87 3938 168 4006 Non
191 3937 281 4005 enim
299 3938 601 4030 quandocumque
619 3938 756 4008 mortui
775 3935 929 4022 erimus,
954 3933 1017 4002 sed
1039 3933 1200 4025 quando,

90 4041 204 4110 dicere
216 4042 332 4110 voluit

191 4144 336 4214 Interest
355 4153 468 4212 autem
483 4144 584 4213 etiam
598 4143 727 4233 aliquid
747 4143 832 4212 inter
854 4141 1004 4210 futurum
1024 4148 1059 4208 et
1075 4139 1201 4232 optati-

89 4270 178 4317 vum.
231 4249 320 4317 Vide
333 4247 421 4316 haec
437 4245 505 4316 od.
525 4276 552 4320 ε.
568 4246 628 4318 33.

142 4381 224 4458 ἄλλ’
240 4382 301 4479 ὅγ’
317 4385 375 4460 ini
391 4383 526 4483 σχεδίης
541 4385 769 4478 πολυδέσμου
785 4374 936 4477 πήματα
954 4372 1101 4468 ιιᾶσχων
1109 4429 1122 4464 ,
