2842 4920
402 361 830 429 fluuuuslrutcrls
858 365 1014 430 ELEGI.
1179 371 1258 459 *251

256 561 322 651 σιω
341 550 377 627 δ
393 550 620 678 έχλίηνεν,“
598 581 640 628 ον
655 534 814 646 ἔξοχον
793 583 878 653 εχρη
894 550 1083 632 Απόλλων

181 660 229 728 90
297 628 561 753 ἀνθρώπων
527 685 618 731 ιιναι
636 654 848 780 Σωκρότη’
830 687 868 733 εν
886 658 995 756 σοφίῃ
1003 715 1016 748 ,

254 756 402 858 Κύπρις
416 759 596 858 μηνίουσα
612 755 725 857 πυρός
740 764 858 855 μένει·
886 768 923 837 ἐκ
938 765 976 836 δέ
989 761 1140 859 βαθείης

285 861 425 992 φυχῆς
439 865 663 960 κουφοτέρας
678 859 861 988 δξεπόνησ
877 862 997 954 α’νίας,

254 964 343 1040 οικι”
358 972 392 1047 ἐς
407 961 604 1064 Αοπασίης
619 961 862 1057 πωλούμενος·
892 965 979 1041 ουδέ
992 997 1027 1042 τι
1043 969 1180 1063 τέκμαρ

307 1065 408 1166 ιῦρι,
434 1066 550 1161 λόγων
563 1064 752 1151 πολλας“
696 1064 919 1200 Ιουρόριινοςν
920 1065 1070 1152 διόδους.

179 1169 229 1242 95
257 1171 374 1268 ἄνδρα
390 1175 605 1268 Κυρηναιον
620 1170 697 1244 δ
667 1200 749 1247 stow
764 1169 919 1254 πόθος
898 1200 1052 1247 εσπαοιν
1067 1173 1225 1268 Ισθμοῦ

310 1269 492 1357 διικός,”
470 1302 514 1346 υτ
519 1271 722 1370 ’σέπιδανῆς
739 1273 916 1397 Λαΐδος
894 1271 1057 1372 ηρόσατο

257 1373 345 1461 όξυς
349 1374 609 1473 Αρίστιππος,
636 1371 843 1460 πόσαςδΗ
821 1406 979 1476 ηνηνατο
995 1381 1120 1471 λέσχας

308 1474 449 1576 φεύγων
468 1476 721 1573 ου’δαμένονέξ
723 1477 879 1580 ιφόρησι
892 1482 972 1574 βίον.

152 1697 357 1706 --.-.-—-

237 1826 289 1888 89.
311 1821 461 1899 Heringae
477 1821 605 1882 debetur
622 1819 788 1902 ἕχλληνεν“
773 1845 807 1885 ον
822 1843 880 1903 pro
895 1821 1101 1909 ἔχλειφμένσν,
1124 1824 1257 1883 Porsono

108 1970 111 1975 .
151 1908 638 1986 autemreliquorumemendatio
648 1928 754 2009 ‚quae
772 1908 803 1967 in
820 1908 906 1970 codd
923 1885 996 1968 Veri.
1011 1910 1101 1969 Laur.
1119 1909 1162 1967 sic
1185 1909 1258 1967 scri·

149 2003 205 2074 pta
220 2003 291 2052 sunt
298 1993 416 2073 ,ἐχρῆν
432 1997 552 2054 πολλῶν
570 1988 604 2055 δ’
617 1987 793 2070 ἅνθριόπων
808 1989 932 2073 εἷναι,“
923 2016 955 2054 ιιι
972 1994 1034 2053 Pal
1052 2005 1081 2054 et
1099 1994 1167 2054 edd.
1181 2004 1256 2054 vett.

149 2080 243 2162 ἐχρῆν
255 2074 368 2141 *εἶναι
385 2082 504 2140 πολλων
523 2073 555 2140 δ
571 2072 756 2158 ἅνθροόποιν.
765 2070 799 2163 h)

237 2169 289 2230 92.
313 2162 406 2223 Codd.
425 2161 501 2222 Ven.
519 2165 606 2223 Laur.
621 2164 818 2244 κουφοτέρας.
862 2166 924 2224 Pal.
942 2163 1009 2225 edd.
1029 2173 1103 2226 vett.
1118 2164 1255 2246 κουροτέ-

150 2274 216 2332 ρας.
239 2242 502 2352 Ἑξεπόνησειιοιι
518 2250 696 2310 mutaverim
710 2260 837 2330 propter
851 2249 1027 2310 insolentius
1040 2249 1169 2312 addua
1156 2251 1256 2331 ἒκ-βα

148 2338 243 2414 θείης
257 2338 369 2414 ψυχῆς.
412 2335 486 2392 Nam
508 2356 599 2411 quum
616 2356 654 2394 ex
669 2337 819 2414 profunda
830 2346 929 2398 mente
944 2337 1042 2397 Iev101
1044 2356 1075 2396 es
1090 2357 1176 2396 curas
1194 2337 1256 2395 ela-

148 2420 276 2481 borasse
300 2423 439 2479 Socrates
460 2419 618 2496 dicitur,
609 2442 641 2479 1n
661 2421 708 2480 his
730 2442 797 2480 eum
814 2422 893 2482 curis
911 2430 1039 2481 mentem
1059 2441 1160 2497 suam,
1183 2422 1256 2480 alias

149 2510 183 2567 in
198 2506 290 2566 rebus
306 2505 485 2582 gravissimis
500 2515 692 2584 occupatam,
721 2507 890 2566 exercuisse
904 2506 1052 2584 significat
1064 2516 1164 2585 poeta.

237 2592 288 2655 94
311 2593 401 2652 Recte
416 2591 486 2651 hbrr
499 2586 588 2675 λογω
630 2591 698 2649 Hoc
718 2585 795 2650 enim
811 2591 886 2650 dicit
904 2600 1012 2670 poeta,
1037 2611 1098 2649 uon
1120 2590 1256 2668 potuisse

149 2677 233 2737 facto
254 2675 370 2735 finem
361 2681 497 2737 invenire
518 2680 688 2746 Socratem,
717 2697 809 2756 quum
835 2687 938 2736 tamen
963 2675 1064 2735 verbis
1087 2676 1219 2786 ubique
1223 2696 1256 2735 se

151 2762 295 2864 expedire
316 2762 478 2821 didicisset.
522 2765 589 2821 Non
610 2763 688 2822 male
709 2764 874 2842 legeretur,
909 2757 980 2826 οὐδέ
999 2785 1026 2824 τι
1048 2759 1161 2846 τέκμαρ
1185 2755 1255 2845 εὗρ’

151 2847 168 2912 ὁ
180 2842 260 2930 λογον
274 2844 387 2920 πολλός
401 2843 563 2927 συρόμενος
579 2846 711 2921 διόδους.

237 2933 289 2999 95.
310 2933 393 3000 Libri
408 2934 490 2992 MSS.
512 2929 719 2994 omittuntd'.
762 2934 809 2991 Ex
822 2953 881 3010 quo
899 2945 1040 3036 apparet,
1062 2956 1166 2994 veram
1184 2935 1256 2994 scri.

150 3028 274 3120 pturam
289 3040 370 3093 esse,
394 3039 482 3096 quam
497 3020 584 3078 etiam
600 3019 657 3077 aliu
672 3017 896 3091 commendant,
919 3015 1018 3116 ἄνδρα
1031 3017 1063 3080 δὲ
1077 3025 1256 3099 Κυρηναῖον

151 3105 211 3166 ἔσω
220 3098 323 3177 πόθος
337 3097 479 3166 έσπασεν’
482 3108 602 3184 Ισθμου
618 3099 724 3176 δεινός
768 3100 874 3177 Δεινός
888 3104 1035 3161 correctio
1048 3106 1096 3163 est
1114 3101 1256 3164 Ruhnke-

150 3190 195 3249 nii
189 3210 267 3291 pro
282 3183 393 3252 δεινόν.
438 3190 496 3249 Sed
515 3190 594 3250 idem
611 3190 693 3268 quod
711 3183 862 3267 οἷπιδανῆς
876 3191 986 3247 mutari
1004 3189 1132 3248 voluit'
1123 3210 1153 3247 m
1174 3183 1256 3251 εόπι-

149 3267 270 3353 θόνης,
305 3285 388 3335 recte
410 3276 527 3335 monuit
549 3274 865 3378 Schweighaeuserus‚
889 3275 1074 3333 contrarium
1095 3274 1255 3334 dicendum

149 3360 255 3420 fuisse.
299 3361 497 3420 Scribendum
512 3354 686 3440 οἷπιδανης,
708 3382 768 3420 non
785 3361 866 3440 quod
887 3360 1055 3440 Aristippus
1072 3381 1135 3422 eam
1150 3381 1255 3437 magna

151 3445 281 3526 pecunia
296 3447 492 3520 conduxerit,
515 3448 568 3507 sed
586 3447 669 3526 quod
687 3446 795 3506 florida
810 3456 905 3506 aetate
923 3447 1055 3507 difficilis
1081 3447 1166 3506 aditu
1186 3449 1254 3518 suit,

152 3532 191 3591 de
206 3550 266 3610 qua
279 3551 312 3590 re
326 3533 470 3612 scriptum
488 3533 569 3613 apud
583 3533 768 3593 Athenaeum
785 3532 867 3593 XIII.
885 3553 915 3637 p.
935 3537 1007 3598 570.
1025 3535 1059 3591 Β
1080 3536 1111 3594 C.
1132 3535 1203 3598 585
1222 3535 1255 3591 D.

236 3619 287 3682 98.
312 3617 369 3677 Hic
391 3637 511 3696 quoque
531 3617 745 3692 Ruhnkenius,
768 3638 861 3695 quum
888 3611 1021 3698 ἠνήνατο
1042 3615 1165 3722 φεύγων
1185 3638 1256 3675 oon

149 3701 309 3804 iungebat,
330 3703 462 3783 ΟΡΡισιιι
473 3723 543 3763 usus
556 3705 657 3764 verbra
672 3705 781 3784 Cyueg
795 3703 843 3762 III
860 3707 930 3768 375
949 3697 1098 3764 οἰδὲνΗ
1078 3702 1255 3782 ανηναμένη

151 3780 251 3885 φεύγῃ
271 3784 449 3866 φιλοτήσιον
475 3783 581 3869 eureio,
604 3812 666 3849 non
689 3789 847 3868 cogitavit,
867 3788 1006 3865 frigidius
1027 3788 1107 3867 apud
1126 3787 1254 3846 Herme-

151 3871 313 3932 srunactem
329 3873 465 3933 additum
483 3875 546 3934 fore
562 3899 640 3958 φευ
642 3900 694 3937 ων.
729 3875 814 3947 Quae
830 3885 1006 3951 sequuntur
1031 3873 1255 3952 corruptissime

150 3957 183 4015 in
200 3943 286 4018 libris
306 3960 439 4040 scripta,
463 3901 681 4040 σόδαμένονέξ
684 3954 810 4040 εφόρυσε
831 3961 905 4038 βίω,
928 3959 959 4016 in
978 3957 1026 4016 his
1047 3960 1100 4018 vix
1122 3959 1254 4019 dubitari

150 4052 269 4121 potest,
300 4045 373 4123 quin
392 4054 508 4125 partem
535 4048 600 4106 veri
624 4046 736 4106 viderit
763 4045 929 4119 Porsonus,
961 4063 1054 4122 quum
1075 4045 1204 4105 coniecit
1224 4046 1254 4120 ἐξ

152 4401 189 4455 Mi
222 4332 254 4456 hl}
265 4329 360 4404 Ἐχρη
385 4333 502 4387 etiumI.
522 4334 554 4387 C.
573 4331 687 4387 Orelliue
706 4333 776 4403 apud
793 4332 951 4398 Weberum‚
981 4336 1042 4386 aute
1059 4330 1131 4384 edito
1147 4331 1256 4386 Porsoui

190 4420 233 4456 sce
254 4419 327 4457 aueo.
