2842 4920
118 340 120 344 ’
149 324 214 387 1⁰⁰
481 315 540 378 DE
575 315 847 380 utuulcvur
870 311 916 382 ἂν

150 508 197 579 Si
210 506 374 602 perdere
400 524 532 576 navem
556 503 730 576 voluerit:
755 504 851 597 quod
877 528 946 574 non
978 504 1117 598 opinor,
1152 531 1261 599 quum

149 636 218 682 non
247 613 418 704 impietate
445 608 612 699 quadarn,
645 609 707 680 sed
734 609 931 678 necessitate
960 610 1127 704 compulsi
1150 613 1261 683 boves

149 724 343 785 modernus.
383 712 511 805 Scripsi
523 712 592 781 hoc
605 713 639 780 in
657 712 735 780 loco
751 712 789 786 δὲ
803 713 967 786 σσοῖνται
979 735 1046 804 pro
1064 710 1104 787 δ’
1122 720 1261 789 ἕσπων-

150 847 236 909 ται,
268 840 370 908 quam
397 815 541 884 formam
571 815 625 883 vix
649 824 735 906 puto
758 814 896 884 defendi
922 837 1035 909 posse.
1091 817 1261 910 Suspecta

151 930 202 989 est
227 921 327 990 etiam
349 919 555 988 Buttmanno
583 917 629 986 od
655 918 784 988 scholis
805 918 840 986 in
867 915 1069 1012 odysseam.
1094 921 1261 993 Pindarus

150 1025 249 1093 Nem.
269 1018 416 1093 ululo.
443 1019 541 1114 (11.)
633 1038 637 1043 ·

203 1177 238 1250 εἰ
255 1173 293 1248 δὲ
318 1166 408 1270 τύχῃ
431 1201 490 1255 ,τις
516 1175 649 1269 ἔρδων,
676 1169 870 1270 μελίφρον’
896 1173 1021 1248 αἰτίαν

84 1290 88 1295 ’
202 1282 325 1375 ῥοαῖσι
350 1276 504 1350 Μοισᾶν
530 1279 687 1371 ἐνέβαλε.

151 1429 198 1500 82·
219 1428 277 1500 cui
298 1428 536 1519 successerit:
561 1453 628 1498 non
654 1429 744 1498 enim
767 1428 866 1498 facile
884 1437 943 1502 est
994 1392 1126 1498 Eadem
1148 1430 1260 1500 simili·

151 1544 203 1603 ter
220 1554 379 1624 expressa
397 1532 557 1601 sententia
571 1541 678 1602 exstat
690 1532 750 1602 IX.
769 1532 855 1603 11⁰.
881 1532 978 1625 (46.)
1006 1542 1040 1601 et
1063 1528 1127 1602 alia
1147 1536 1260 1604 similis

152 1637 314 1707 sententia
338 1633 455 1708 Isthm.
481 1634 522 1704 V.
560 1633 620 1706 16.
653 1635 737 1727 (IV.
781 1629 866 1728 14.)
899 1636 1092 1730 Sophocles
1121 1635 1260 1733 Oedipo

155 1740 257 1833 Rege
275 1763 308 1812 v.
325 1736 436 1812 1⁰62.
449 1760 492 1806 cx
505 1762 581 1807 mea
596 1739 842 1824 emendatione,

202 1881 355 1984 θοῖρσιι
382 1883 428 1962 οὐ
452 1887 521 1980 μὲν
545 1916 616 1985 γαρ
643 1885 725 1962 οὐδ
754 1888 800 1963 οῖν
823 1891 858 1962 ιῖ
882 1888 1009 2013 τρίτης
1033 1885 1102 1986 ἑνοῖ
1225 1896 1230 1904 ’

202 1985 341 2091 μητρδς
367 1991 472 2087 φανοῖ
497 1992 704 2087 τρίδουλον,
730 1996 879 2086 ἕνφανοῖ
894 1986 1003 2092 couri.

155 2142 262 2214 Ne
229 2165 260 2217 se
282 2143 428 2236 quidem
451 2152 508 2212 ter
527 2165 653 2212 servus
678 2165 757 2212 esse
774 2142 965 2236 reperiar:
993 2142 1149 2234 opinatur
1171 2146 1262 2214 enim

2 2333 9 2343 x
77 2276 80 2294 *
150 2248 197 2315 ita
218 2269 290 2314 esse
304 2243 473 2336 Oedipus.
525 2237 734 2337 improbavit
749 2245 838 2314 hanc
855 2245 1123 2343 emendationem
1142 2247 1176 2313 in
1190 2272 1262 2339 po-

152 2360 276 2419 strema
292 2347 345 2416 ed,
362 2347 553 2435 Elmsleius‚
578 2371 648 2416 non
660 2356 804 2441 propter
819 2351 855 2421 εἰ
868 2373 945 2416 cum
959 2348 1180 2435 coniunctivo,
1199 2352 1263 2420 sed

150 2461 295 2547 propter
305 2449 436 2524 ἄνοιιιιι
446 2451 796 2541 νῖιιῑιιιοοοιιίιιιισιιιιιι,
814 2453 893 2519 Non
905 2443 1052 2536 fecisset,
1067 2453 1094 2520 si
1101 2462 1263 2545 reputas-

152 2566 213 2646 set,
231 2555 276 2627 οἲν
283 2554 400 2625 referri
409 2555 456 2623 ad
466 2557 662 2649 optativum,
680 2557 950 2649 quisuppressns
963 2563 1024 2624 est.
1052 2555 1156 2623 Pleno
1169 2558 1262 2627 enim

55 2696 65 2729 ι
152 2659 263 2748 dicas,
290 2654 355 2730 ουίι
376 2663 526 2750 ἐκφανεῖ
544 2650 653 2758 κακή,
681 2655 763 2732 ov'd'
783 2657 828 2731 dr
855 2654 1074 2754 (ἐνφανιῖης)
1102 2658 1137 2730 εἰ
1154 2659 1261 2754 φανοῖ

151 2760 348 2857 τρῖδοαλσς.
402 2759 573 2852 Compara
594 2763 707 2830 iocum
733 2759 893 2854 Xenoph.
926 2760 1009 2852 Cyr.
1042 2760 1101 2832 111.
1125 2760 1169 2852 ⁴3,
1198 2760 1259 2834 50.

152 2886 255 2954 quem
269 2885 371 3039 supra
387 2865 565 2937 attulimus.
599 2867 708 2933 Recte
721 2865 846 2959 legitur
859 2864 952 2958 apud
967 2862 1169 2956 Euripidem
1179 2865 1259 2960 lptr

146 3195 148 3199 ,
201 3059 341 3250 βλέψον
362 3145 450 3240 προς
475 3116 586 3217 ἦμοῖς,
615 3118 720 3212 ὄμμα
747 3114 826 3208 δός,
855 3113 996 3216 φίλην-α’
1020 3146 1082 3208 τι,

203 3228 238 3295 ἵν
247 3216 375 3296 ἄλλα
400 3222 512 3294 τοῦτο
535 3217 762 3295 rordororio'
788 3224 855 3312 ἔχω
884 3225 992 3295 σέθεν

201 3330 398 3421 μνημεῖον,
426 3326 461 3395 εἰ
482 3349 533 3417 μη
560 3329 648 3405 τοῖς
662 3329 761 3416 ἐμοῖς
786 3325 938 3420 πεισθῃς
963 3318 1093 3417 λόγοις.

151 3473 198 3544 82·
215 3474 307 3544 nihil
322 3472 494 3567 precibus
514 3474 603 3548 νηοῖο
619 3464 793 3545 moceria:
817 3473 912 3566 quod
929 3499 996 3579 non
1009 3475 1131 3545 videris
1147 3473 1260 3547 factu-

151 3601 218 3650 rus.
268 3578 340 3646 Et
331 3601 367 3644 m
384 3577 538 3671 Cyclope
552 3575 638 3648 577.

204 3711 269 3788 ov’r
297 3713 343 3788 οῖν
371 3707 586 3809 φιλῆοαιμ,
614 3740 646 3787 ει
641 3707 834 3810 ’Χαριτος
858 3711 1012 3816 ποιροῖσί
1034 3741 1093 3806 με

151 3849 197 3920 Si
209 3854 266 3921 vet
284 3851 443 3921 Gratiae
455 3874 512 3920 me
529 3849 765 3921 tentaverint.-
790 3870 916 3942 nempe
930 3859 1083 3920 nunaunt
1097 3848 1259 3920 facturae

150 3939 395 4046 Aristophanes
409 3955 474 4045 Eq.
490 3953 576 4024 698.

139 4094 286 4166 ,ΚΛ
318 4089 423 4164 οὔτοι
449 4085 505 4186 μοῖ
513 4085 597 4214 'vvir
610 4082 872 4186 Δήμητρα
833 4117 884 4183 y,
913 4091 950 4163 οἰ
971 4083 1090 4188 μήσ’
1115 4081 1260 4187 σ’νφαγα

200 4198 238 4268 ἐν
264 4194 368 4291 τῆςδο
394 4193 456 4316 τῆς
482 4195 565 4318 γῆς,
593 4190 767 4269 οὐδέποτε
776 4185 986 4297 βιοῖσομαι

200 4295 288 4371 ΑΛ
317 4299 352 4371 εἰ
373 4289 428 4394 μή
450 4290 618 4395 νφοῖγηι,·
