2842 4920
491 347 578 412 LlB.
599 347 649 414 lV.
693 348 790 412 CAP.
813 356 845 417 7.
1166 361 1230 424 lut

116 533 200 602 dixit
215 555 282 626 pro
304 529 385 608 ἁλλ’
403 530 448 632 ἤν
466 534 513 609 uir
535 534 660 630 ἄλγος,
687 539 748 608 sed
773 562 848 608 eam
866 539 1000 632 ellipsin
1023 541 1146 613 deiide
1168 568 1228 615 er-

117 639 190 729 plet
205 638 327 706 additis
341 637 471 719 ιιείνοις
485 637 533 712 οίν
547 637 689 737 ἤλγουν.

220 740 293 809 Sed
317 750 394 809 sunt
411 743 496 812 aliae
516 744 682 833 quaedam
704 743 865 833 loquendi
881 745 1028 835 formae,
1056 748 1227 838 inquibus

118 841 164 916 οίν
182 843 290 912 videri
311 854 425 935 potest
441 855 535 914 extra
558 870 633 915 eam
654 848 849 916 sententiam
864 870 954 934 esse,
980 848 1098 939 inqua
1117 853 1228 921 media

117 947 200 1039 poni
215 945 375 1020 debebat.
429 948 528 1034 Quae
548 949 679 1036 formae
702 949 801 1018 facile
823 951 1060 1042 expedientur,
1083 953 1110 1021 εἰ
1130 957 1226 1047 cogi-
1334 1020 1336 1025 .

116 1051 253 1126 laveris,
283 1050 366 1118 duas
383 1053 560 1120 sententias
575 1076 639 1144 per
654 1053 856 1121 attractionis
877 1053 1022 1147 figuram
1040 1079 1142 1144 quarn
1161 1080 1226 1125 vo-

115 1162 194 1220 cant
207 1153 243 1220 in
259 1175 361 1221 unam
374 1155 542 1247 coniungi.
595 1157 724 1226 Earum
743 1156 927 1224 formarum
942 1181 1010 1226 una
1029 1167 1094 1243 est,
1121 1183 1225 1249 quum

114 1255 258 1346 inquiat
286 1257 421 1348 uliquis
444 1258 557 1326 dicere
590 1261 760 1345 volumus,
792 1260 898 1327 verba
923 1260 1012 1328 illius
1035 1260 1224 1332 afferentes.

63 1405 74 1416 κ
114 1360 214 1428 Plato
241 1360 347 1451 Hrpp.
378 1361 457 1433 mai.
483 1385 521 1452 p.
549 1360 635 1436 299.
663 1363 705 1436 A.
740 1355 971 1453 μανθοίνοε
946 1390 992 1434 αν
1013 1365 1095 1444 ἴσως
1119 1365 1219 1462 φαίη.

114 1461 351 1591 Phaedonep.
367 1461 429 1531 87
444 1463 486 1532 A
512 1470 551 1537 τί
569 1492 635 1538 οον
646 1493 693 1537 αν
706 1463 838 1591 palpo
825 1459 989 1555 λογος
968 1493 1023 1537 εει
1039 1462 1224 1560 α’πισεεῑς,·

115 1564 209 1654 quod
224 1574 275 1633 est
295 1565 335 1637 τί
353 1561 422 1639 οιίν
437 1563 615 1651 ἀπιστεῖς,
644 1566 733 1661 φαίη
756 1565 801 1637 ἄν
817 1593 836 1638 ο
830 1561 965 1658 ιλόγος.
1021 1568 1143 1652 Qualia
1158 1592 1226 1639 non

116 1677 191 1736 sunt
206 1668 527 1759 interpunctionibus
545 1669 595 1737 dis
597 1667 779 1760 iungenda,
798 1669 917 1757 quibus
927 1671 1130 1762 pervertitur
1141 1695 1225 1740 con-

114 1771 263 1844 structio.
315 1771 484 1863 Exempla
499 1772 577 1840 vide
598 1772 663 1839 alia
682 1770 775 1863 apud
788 1771 1025 1842 Heindorfium
1043 1773 1089 1841 ad
1109 1774 1224 1844 Phae-

112 1873 334 1944 donislocum
343 1899 379 1967 p.
399 1872 485 1949 135.
495 1877 552 1965 qui
560 1874 783 1945 nondebebat
792 1874 974 1967 Sophoclis
983 1875 1124 1950 0ed.R.
1136 1874 1223 1965 991.

598 2059 603 2067 “
735 2035 821 2133 ‘ccix'
848 2041 893 2114 eiu

165 2145 273 2245 ἤδοιο
298 2149 387 2242 μέν,
412 2147 486 2229 nuic
512 2144 547 2222 d’
575 2141 639 2220 ov'u
666 2143 735 2238 ἄν,
760 2138 951 2236 οίσχοίλλοις
977 2144 1015 2220 δ’
1038 2152 1120 2232 ἴσως

112 2308 343 2408 ὴοοεοῐεπο,
368 2318 631 2410 interpungique
644 2316 762 2385 iubere
777 2316 850 2396 ποίς
864 2312 899 2389 δ’
915 2311 1001 2407 ουἰι,·
1027 2317 1073 2391 οίν
1089 2315 1224 2412 οίαχοίλ-

36 2471 38 2475 f
111 2417 274 2502 luced*
255 2447 347 2504 (σας.
398 2422 491 2490 Ηοο
494 2421 580 2490 enirn
592 2420 774 2489 barbarum
789 2419 889 2490 foret.
932 2419 1034 2488 Adde
1048 2444 1130 2489 vero
1149 2425 1223 2492 De-

111 2522 236 2598 mostb.
253 2522 316 2616 la,
335 2523 371 2599 6.
398 2526 458 2594 ubi
471 2523 651 2593 Beklrerus
670 2522 823 2590 ordinem
845 2520 1027 2590 verborum
1040 2545 1117 2591 cum
1128 2526 1222 2596 libris

112 2579 325 2718 quibusdani,
344 2628 406 2699 sed
424 2651 520 2697 secus
537 2649 639 2716 quam
654 2649 732 2694 usus
746 2608 950 2718 postulabat,
976 2626 1134 2711 mutavit;
1160 2626 1221 2716 14,

113 2730 172 2800 24.
200 2726 313 2823 1445,
338 2732 400 2801 14.
427 2741 461 2801 et
478 2732 593 2825 paullo
614 2730 768 2828 aliterp.
794 2725 916 2818 1⁰97,
939 2725 1027 2797 8st
1005 2747 1067 2802 οτι
1086 2758 1128 2830 νη
1120 2724 1222 2806 Δί

112 2832 158 2910 ἄν
174 2837 282 2909 εἴποι.

212 2972 377 3042 Eiusdem
390 2971 525 3064 generis
541 2979 592 3047 est
606 2969 674 3037 hoc
687 2967 783 3096 apud
795 2965 955 3058 Xenoph
969 2967 1056 3036 Hist
1080 2970 1140 3039 Gr.
1160 2924 1219 3046 Vl.

112 3074 149 3161 l,
158 3071 240 3150 9.
211 3104 260 3149 (ον
276 3068 345 3168 lyci
354 3075 414 3146 καί
429 3102 476 3146 τα
495 3071 647 3165 οοίματα
663 3073 721 3144 καί
736 3063 803 3166 τήν
819 3069 1135 3162 μεγαλοψυχίαν
1114 3075 1221 3165 opuiv,

112 3173 219 3271 οἶμαι
247 3175 314 3266 οἷν,
353 3173 475 3251 αὐτοῖν
501 3204 534 3248 ει
528 3173 671 3253 ’καλοῖς
699 3201 755 3254 τις
776 3176 1004 3264 ἐπιμελοῖτο,
1038 3170 1104 3246 οοίι
1125 3171 1220 3249 εἶναι

111 3281 220 3362 ἔθνος
234 3278 347 3374 οποίῳ
365 3278 410 3352 οίν
425 3272 615 3361 ἀξιώσαιεν
633 3269 786 3370 ὑπήκοοι
800 3271 895 3347 εἶναι
913 3275 1103 3350 Θετταλοί.
1130 3279 1220 3348 Huic

111 3384 218 3481 simile
233 3383 324 3455 aliud
337 3384 528 3475 exemplum
544 3382 621 3451 vide
633 3380 728 3477 apud
742 3378 988 3449 Heindorfium.

107 3554 110 3560 ·
214 3520 280 3589 vix
296 3520 365 3588 ulla
379 3541 461 3586 vero
476 3520 684 3611 frequentior
697 3519 807 3586 forma
828 3525 887 3602 eut,
913 3538 1017 3607 quam
1040 3518 1106 3604 illa,
1126 3519 1221 3607 quod

114 3624 255 3713 mireris,
269 3623 557 3716 ignotaPorsono,
583 3619 648 3696 οιίι(
663 3617 736 3694 οἶδ’
753 3621 799 3693 οίν
815 3622 850 3691 εί
863 3619 1049 3711 πείσαιμι,
1069 3621 1221 3710 quodest

111 3722 269 3801 οιίιιοίιία
283 3729 318 3799 εἰ
328 3722 496 3818 πείσαιμ’
512 3724 568 3798 eiu.
594 3725 767 3818 Exemplis
778 3723 1108 3812 quaeElmsleiusad
1118 3723 1216 3794 Med.

115 3828 203 3898 911.
221 3831 349 3915 attulit,
375 3828 465 3898 adde
478 3829 654 3909 Demosth.
671 3854 708 3921 p.
721 3825 809 3914 441,
826 3825 886 3893 21.
914 3824 1028 3912 1429,
1043 3824 1102 3900 lb.

105 4023 110 4031 ,
213 3967 291 4036 Alia
304 3967 388 4037 ratio
403 3975 463 4055 est,
482 3989 587 4057 quum
601 3961 754 4034 inseritur
768 3963 949 4032 sententiae
963 3964 1100 4053 aliquid,
1125 3966 1220 4056 quod

111 4071 251 4163 proprie
266 4096 336 4141 non
351 4071 396 4140 ad
412 4074 488 4140 earn
507 4070 662 4164 pertinet,
688 4077 726 4139 ut
740 4067 833 4160 apud
845 4066 1017 4160 Aristoph.
1034 4069 1114 4138 Pac.
1132 4068 1232 4154 137..

112 4176 318 4269 appellatio,
1234 4213 1236 4216 ⁴

162 4341 247 4418 ἀλλ’
272 4339 302 4417 oi
326 4341 408 4439 μέλ’
434 4343 480 4419 ἄν
505 4370 573 4438 μοι
599 4305 722 4418 σιτίων
749 4339 883 4416 διπλοίν
906 4341 989 4415 ἔδει.

931 4462 966 4530 Ν
987 4461 1010 4528 2
